2976 4264
493 333 584 384 180
992 328 1600 381 ASTRONOMIAE
1627 326 2193 380 INSTAURATAE

490 484 542 514 in
556 470 797 525 praesenti
813 469 1095 512 Schemate
1108 466 1362 522 punctum
1376 468 1717 510 Phaenomeni
1732 478 1995 522 apparens
2010 467 2071 517 O,
2088 467 2129 509 81
2144 467 2361 510 Stellam
2377 468 2436 520 G,
2455 468 2509 511 in
2523 469 2695 523 prima

491 529 905 573 consideratione
935 527 1034 570 esse
1061 527 1115 569 in
1144 528 1335 570 eodem
1365 526 1618 569 uerticali.
1651 527 1792 569 Data
1820 526 1974 581 igitur
2002 537 2068 569 ex
2096 525 2269 580 prima
2299 526 2693 580 Obseruatione,

492 587 762 632 altitudine
781 586 1121 630 Phaenomeni
1142 586 1257 637 QO,
1281 586 1321 627 82
1342 586 1519 629 Stellae
1541 586 1656 637 QG,
1679 586 1719 628 81
1743 584 1995 630 subdud’ta
2016 585 2132 637 QO,
2161 597 2227 628 ex
2248 585 2362 638 QG,
2390 587 2697 641 relinquitur

491 648 605 698 OG,
641 646 879 689 distantia
912 645 1253 689 Phaenomeni
1285 647 1316 688 a
1349 645 1524 696 Stella,
1558 645 1648 687 nisi
1683 645 1798 699 quis
1830 644 1979 688 malit
2011 656 2134 688 eam
2165 656 2260 699 per
2289 645 2695 690 Instrumentum

491 705 743 749 demetiri.
2745 713 2767 747 5

562 765 747 807 Rursus
765 703 819 806 'i'n
841 764 1068 807 secunda
1090 764 1522 815 consideratione,
1552 764 1765 818 quando
1788 764 1877 806 sub
1900 763 2121 806 similem
2143 764 2453 807 uerticalem
2473 764 2526 806 in
2545 768 2695 819 parte
2727 764 2815 807 666

490 824 693 867 diuersa
725 824 1015 874 inciderint,
1054 823 1387 877 steterintque
1418 823 1624 866 inuerso
1658 824 1752 866 situ
1786 836 1817 866 a
1848 822 2011 877 priori
2041 825 2099 865 ut
2129 822 2278 866 uides
2310 823 2363 865 in
2395 823 2694 876 Schemate,

490 884 673 937 accipe
693 882 1035 925 Altitudinem
1056 883 1230 925 Stellae
1251 882 1346 933 ST,
1368 882 1709 926 Phaenomeni
1730 882 1825 934 SR,
1848 883 1889 925 8ι
1908 882 2053 925 illam
2075 881 2142 924 ab
2162 882 2266 925 hac
2288 882 2452 934 aufer,
2474 883 2696 927 habebis

490 943 587 994 RT,
616 942 912 985 distantiam
932 942 1273 985 Phaenomeni
1295 954 1326 984 a
1347 942 1506 984 Stella
1525 941 1577 984 in
1600 942 1828 985 secunda
1849 941 2280 985 consideratione.
2310 942 2424 984 Iam
2444 942 2542 985 has
2563 943 2696 986 duas

490 1002 755 1045 distantias
782 1002 1011 1044 duarum
1039 1001 1519 1045 considerationum
1540 1014 1571 1044 a
1593 1001 1642 1044 se
1662 1001 1892 1044 inuicem
1914 1001 2078 1053 aufer,
2107 1001 2430 1055 relinquetur
2456 1013 2696 1057 aggrega·
2749 1009 2791 1043 10

488 1065 603 1104 tum
623 1061 991 1112 Parallaxium,
1015 1072 1081 1103 ex
1101 1061 1343 1104 Arcubus
1365 1060 1486 1112 OH,
1510 1060 1550 1103 81
1572 1061 1655 1112 RI,
1678 1060 1987 1104 conflatum.

674 1183 1106 1235 PROBLEMA
1134 1182 1299 1234 XVII
1327 1182 1708 1235 DIGGESEI
1736 1182 1885 1235 SUB
1913 1181 2150 1235 NOUO
2178 1182 2506 1235 HABITU.

560 1263 612 1305 Si
630 1263 1025 1306 Phaenomenon
1046 1274 1172 1306 cum
1193 1263 1400 1305 duabus
1420 1262 1555 1305 Fixis
1578 1263 1667 1306 sub
1690 1264 1882 1306 eodem
1901 1262 2141 1305 uerticali
2161 1262 2331 1314 fuerit,
2358 1266 2580 1318 accepta
2599 1264 2697 1318 pri-

490 1335 639 1365 mum
660 1322 770 1365 eius
792 1334 855 1365 eo
876 1322 985 1377 ipso
1006 1325 1282 1365 momento
1304 1322 1370 1365 ab
1392 1325 1617 1376 utraque
1638 1322 1885 1365 Fixarum
1906 1322 2182 1376 apparenti
2205 1321 2464 1366 distantia:
2494 1323 2696 1366 Deinde

488 1382 844 1425 Phaenomeno
879 1385 1029 1425 motu
1061 1382 1416 1433 Firmamenti,
1454 1381 1543 1424 sub
1578 1381 1741 1424 alium
1772 1381 2098 1433 uerticalem,
2133 1384 2343 1424 tantum
2376 1393 2442 1425 ex
2475 1383 2696 1426 aduersa
2750 1389 2791 1423 15

492 1441 767 1484 Meridiani
786 1444 937 1495 parte
958 1454 989 1483 a
1011 1441 1310 1484 Meridiano
1326 1441 1378 1483 in
1400 1440 1692 1484 Horizonte
1713 1441 2005 1493 distantem,
2029 1443 2286 1495 quantum
2307 1441 2466 1495 prior,
2496 1442 2693 1486 delato:

490 1504 711 1554 accepta
737 1501 930 1543 iterum
957 1501 1233 1555 apparenti
1258 1501 1325 1544 ab
1354 1501 1550 1544 eisdem
1576 1500 1711 1543 Fixis
1737 1500 1992 1552 distantia,
2021 1501 2062 1543 8ι
2085 1500 2368 1544 Altitudine
2396 1501 2696 1544 alterutrius

489 1560 680 1612 Stellae,
703 1560 970 1614 separatas
990 1561 1291 1603 Parallaxes
1311 1560 1582 1614 utriusque
1602 1560 1857 1614 temporis
1878 1571 2077 1603 eruere.

561 1619 679 1663 Hoc
699 1620 993 1672 Problema‚
1022 1620 1164 1674 quod
1191 1619 1423 1675 Diggesei
1444 1619 1585 1662 XVII
1613 1620 1908 1674 respondet,
1935 1622 1993 1662 ut
2019 1622 2216 1662 caetera
2244 1620 2440 1672 omnia,
2469 1621 2697 1663 Demon-

489 1678 791 1722 strationem
806 1679 968 1722 habet
981 1679 1344 1731 firmissimam,
1365 1679 1921 1733 euidentissimamque.
1945 1679 2047 1722 Sed
2062 1679 2098 1721 fi
2114 1679 2182 1722 ad
2197 1679 2470 1722 Calculum
2486 1690 2697 1724 accom-
2746 1686 2792 1721 20

489 1739 750 1789 modetur‚
773 1750 913 1793 aegre
935 1739 1136 1793 absque
1157 1750 1336 1782 errore
1358 1738 1592 1793 expediri
1611 1738 1818 1793 poterit,
1841 1738 1910 1782 ob
1932 1738 2152 1781 nimiam
2173 1738 2460 1781 exilitatem
2475 1739 2697 1794 Angulo-

487 1810 607 1840 rum
628 1798 648 1839 I
665 1798 705 1840 δι
721 1797 770 1839 Η
790 1798 1035 1853 trianguli
1056 1799 1204 1850 ILH,
1229 1799 1269 1840 81
1290 1798 1692 1852 amplitudinem
1707 1798 1887 1841 Obtufi
1902 1798 2090 1853 Anguli
2109 1798 2178 1840 ad
2199 1798 2242 1840 L
2261 1797 2314 1840 in
2335 1797 2563 1842 subiedto
2579 1799 2697 1841 Dia-

489 1860 800 1912 grammate.
842 1858 975 1900 Cum
1008 1858 1148 1901 enirn
1181 1859 1496 1909 Parallaxes,
1535 1857 1679 1901 circa
1711 1857 1932 1900 minima
1964 1857 2250 1909 uersentur,
2283 1857 2398 1901 fieri
2430 1857 2606 1912 posset,
2641 1861 2697 1901 ut

488 1919 705 1971 propter
730 1917 1019 1959 exilitatem
1044 1918 1129 1959 uel
1158 1918 1411 1960 Laterum
1436 1918 1521 1960 uel
1543 1918 1886 1972 Angulorum,
1916 1919 2007 1959 aut
2032 1920 2381 1971 utrorumque
2408 1918 2572 1969 simul,
2602 1918 2698 1960 La—

487 1979 602 2019 tera
624 1976 712 2027 IL,
736 1976 776 2018 8ι
799 1976 917 2027 LH,
944 1976 1187 2031 trianguli
1208 1976 1357 2028 ILH,
1385 1977 1437 2018 in
1464 1976 1745 2031 ipsummet
1763 1977 1964 2019 Arcum
1986 1976 2082 2028 IH,
2105 1976 2353 2019 incidant.
2382 1977 2532 2020 Adde
2553 1978 2696 2031 quod
2746 1984 2792 2018 25

489 2035 650 2078 etiam
669 2009 914 2087 Tabulas,
942 2036 1045 2078 hac
1072 2036 1125 2078 in
1151 2039 1301 2090 parte
1327 2047 1434 2078 non
1458 2047 1624 2089 usque
1645 2036 1781 2079 adeo
1802 2035 2064 2078 habemus
2085 2034 2315 2088 exactas,
2345 2048 2477 2090 quas
2499 2037 2568 2079 ad
2587 2049 2697 2079 ma-

490 2094 658 2137 iorem
689 2094 1072 2146 certitudinem,
1103 2096 1187 2138 uel
1217 2107 1384 2149 usque
1415 2096 1483 2137 ad
1515 2095 1742 2138 secunda
1772 2095 2030 2149 Scrupula
2059 2096 2315 2147 extensas,
2346 2095 2547 2147 habere
2576 2095 2697 2139 esset

490 2154 703 2197 necesse.
726 2154 989 2198 Postremo
1006 2154 1149 2197 circa
1164 2154 1482 2198 eiuscemodi
1496 2154 1764 2197 Azimuthi
1778 2154 2268 2206 considerationem,
2291 2154 2574 2198 difficultas
2589 2167 2695 2198 non

489 2225 657 2267 parua
679 2213 922 2257 accidere
942 2213 1122 2267 potest.
1146 2212 1166 2272 ΙΙ

562 2272 695 2315 Haec
711 2272 879 2316 scribo
895 2273 1411 2316 commonefaciendi
1427 2273 1602 2316 caussa
1613 2273 1880 2316 Studiosos
1894 2273 2300 2324 Mathematum,
2316 2276 2374 2315 ut
2386 2273 2440 2316 in
2454 2274 2695 2317 obserua-
2727 2272 2813 2316 667

488 2332 717 2375 tionibus
742 2332 1152 2384 Phaenomenon,
1185 2333 1448 2375 summam
1479 2332 1765 2375 adhibeant
1794 2332 2131 2387 diligentiam,
2162 2333 2203 2375 δι
2233 2344 2298 2375 ex
2326 2332 2467 2376 hisce
2492 2333 2696 2376 Proble-

490 2391 662 2441 matis‚
686 2403 807 2445 quae
826 2393 910 2434 uel
930 2404 960 2434 a
978 2392 1145 2444 nobis,
1169 2393 1252 2435 uel
1269 2392 1335 2434 ab
1353 2392 1465 2447 alijs
1478 2392 1774 2443 traduntur,
1798 2390 2060 2434 delectum
2075 2391 2293 2434 faciant:
2318 2392 2396 2434 De
2412 2403 2517 2446 quo
2533 2392 2693 2436 etiam

490 2450 707 2504 ipsemet
721 2451 1000 2505 Diggeseus
1016 2450 1293 2495 Led-torem
1310 2451 1534 2494 monuit:
1559 2451 1783 2504 denique
1798 2452 1930 2494 tales
1946 2451 2339 2495 obseruationes
2355 2451 2691 2504 assumantur,

493 2521 613 2563 quae
634 2509 913 2552 minimum
934 2511 1101 2554 errori
1121 2512 1214 2553 sint
1234 2511 1426 2553 futurae
1449 2510 1717 2553 obnoxiae:
1747 2511 1787 2553 81
1816 2523 1977 2564 quam
2004 2511 2239 2553 maxime
2264 2510 2378 2553 fieri
2402 2511 2582 2565 potest,
2611 2522 2694 2554 ex-

492 2569 626 2612 ilitas
646 2570 872 2612 laterum
895 2570 935 2611 81
955 2571 1281 2625 Angulorum
1302 2570 1509 2613 uitetur.
1534 2569 1688 2621 Quod
1709 2572 2038 2623 praeceptum
2060 2570 2280 2614 Studiofi
2303 2570 2694 2614 Mathematum
2743 2577 2788 2612 35

491 2631 745 2683 perpetuo
766 2629 819 2671 in
841 2629 1019 2672 animo
1040 2630 1240 2672 habere
1261 2629 1467 2672 debent.

563 2688 636 2730 Sit
659 2688 811 2743 igitur
833 2689 1154 2732 Meridianus
1175 2689 1328 2741 ΑΒΕ,
1358 2689 1597 2732 Horizon
1616 2688 1768 2740 AEC,
1790 2688 2067 2731 Verticalis
2093 2689 2281 2742 primae
2303 2688 2695 2733 Obseruationis

493 2747 601 2799 BD,
616 2747 669 2789 in
685 2760 788 2801 quo
806 2748 927 2791 duae
942 2748 1117 2791 Stellae
1132 2748 1273 2791 Fixae
1289 2749 1382 2791 [int
1398 2748 1447 2790 H
1460 2748 1549 2791 811.
1569 2748 1744 2791 Locus
1760 2759 2022 2802 apparens
2032 2748 2373 2791 Phaenomeni
2385 2749 2446 2800 K,
2462 2760 2621 2792 uerus
2632 2749 2692 2792 G.

492 2806 602 2848 Sint
622 2807 783 2849 etiam
803 2807 1000 2851 ibidem
1016 2807 1285 2851 Distantiae
1299 2807 1640 2851 Phaenomeni
1662 2808 1728 2850 ab
1749 2810 1973 2861 utraque
1989 2807 2148 2850 Stella
2168 2810 2332 2851 notae:
2355 2807 2459 2851 hoc
2480 2808 2551 2851 est
2571 2808 2692 2860 HK,

492 2866 530 2908 8ι
553 2866 573 2907 Ι
584 2866 644 2908 K.
2741 2874 2788 2909 40

563 2925 765 2968 Deinde
792 2926 849 2968 fit
874 2926 1138 2970 uerticalis
1166 2928 1410 2970 secundae
1437 2925 1830 2969 Obseruationis
1857 2926 2008 2977 BLE,
2035 2929 2243 2968 tantum
2272 2926 2463 2969 distans
2487 2939 2519 2969 a
2544 2926 2694 2969 Meri-

492 2983 649 3027 diano
671 2985 776 3036 BA,
805 2989 1063 3039 quantum
1087 2986 1232 3040 prior
1252 2987 1319 3029 ab
1341 2986 1553 3029 eodem:
1581 2985 1634 3027 in
1662 2996 1767 3038 quo
1793 2985 2031 3028 uerticali
2052 2985 2227 3028 Locus
2247 2985 2586 3029 Phaenomeni
2608 2998 2694 3040 ap—

491 3055 684 3097 parens
711 3043 982 3087 traductus
1012 3049 1163 3088 motu
1191 3045 1531 3096 firmamenti,
1562 3044 1632 3087 est
1662 3045 1720 3095 L,
1751 3044 2027 3098 aequaliter
2056 3057 2088 3087 a
2116 3043 2310 3099 puncsto
2341 3044 2385 3087 G
2414 3056 2543 3088 uero
2571 3046 2692 3088 loco

491 3102 830 3146 Phaenomeni
844 3104 1032 3158 primae
1048 3105 1477 3148 considerationis
1493 3103 1705 3147 distans:
1728 3103 1759 3159 ij
1766 3103 1909 3146 sdem
1923 3103 2098 3155 literis,
2120 3107 2177 3146 ut
2191 3104 2349 3158 prius,
2370 3105 2566 3158 signata
2581 3105 2694 3147 sunt

492 3161 529 3212 Ι,
547 3162 612 3212 H,
630 3162 690 3204 K.
712 3162 892 3206 Talem
914 3164 1054 3206 enim
1074 3164 1127 3206 in
1148 3164 1249 3207 hac
1271 3165 1498 3207 secunda
1514 3162 1893 3206 Obseruatione
1915 3163 2065 3205 situm
2087 3163 2156 3205 ad
2175 3163 2404 3206 inuicem
2423 3164 2690 3207 tenebunt.
2742 3172 2787 3206 45

493 3220 879 3264 Connecstantur
886 3221 1079 3266 Puncta
1089 3223 1225 3275 LIH,
1238 3224 1467 3266 arcubus
1477 3223 1805 3265 Circulorum
1817 3233 2134 3277 magnorum
2144 3222 2226 3274 IL,
2239 3222 2350 3265 LH,
2363 3222 2495 3266 Dico
2509 3223 2692 3265 datum

491 3279 552 3321 iri
566 3280 864 3324 Parallaxes
881 3282 1152 3336 utriusque
1170 3282 1616 3332 confiderationis‚
1638 3281 1888 3323 nimirum
1902 3282 2072 3324 Arcus
2093 3282 2205 3333 LG,
2228 3282 2269 3323 81
2289 3281 2404 3324 GK.
2428 3281 2692 3333 Quoniam

493 3339 632 3381 enim
653 3338 705 3381 in
726 3340 931 3383 duabus
946 3341 1412 3385 obseruationibus
1430 3340 1683 3384 distantiae
1702 3340 2041 3384 Phaenomeni
2057 3353 2088 3383 a
2103 3341 2287 3391 Stellis‚
2310 3340 2554 3384 uidelicet
2569 3340 2690 3391 HK,

494 3398 569 3439 KI
586 3398 625 3439 81
642 3398 684 3439 L
695 3398 758 3450 H,
777 3399 864 3450 LI,
881 3403 1023 3443 notae
1040 3401 1167 3452 sunt,
1184 3401 1446 3444 habemus
1456 3400 1793 3454 Triangulum
1808 3399 1907 3441 LH
1919 3400 1955 3451 I,
1969 3403 2218 3443 notorum
2232 3401 2500 3443 Laterum.
2515 3399 2691 3451 Quare

2588 3477 2692 3525 per
