2976 4264
679 318 1563 375 PROGYMNASMATUM
1589 319 1904 373 TERTIA
1929 321 2134 374 PARS
2409 321 2513 375 225

304 462 624 527 praesertim
638 479 774 516 cum
787 466 837 516 is
850 480 1010 516 nunc
1024 467 1087 516 in
1099 467 1372 529 proximo
1387 464 1558 515 nobis
1574 463 1919 516 Germaniae
1933 464 2124 516 littore
2139 464 2329 529 degat:
2346 464 2515 516 Vnde

305 537 369 586 in
382 534 835 599 Hellespontum
850 535 1166 596 Danicum,
1189 536 1264 588 ob
1284 534 1519 587 facilem
1534 534 1586 586 &
1600 551 1751 599 pene
1766 535 2179 600 quotidianum
2192 534 2514 596 traiectum,

306 620 417 657 nos
437 621 469 657 e
491 605 822 658 Germania
846 606 1042 671 postea
1067 610 1435 672 recipiemuS,
1462 621 1583 670 quo
1609 607 1746 659 inde
1772 622 1914 658 mox
1934 609 1997 658 in
2018 607 2329 659 Oceanum
2350 607 2515 659 Occi-

306 676 604 728 dentalem
631 677 766 730 vela
794 677 1025 730 demus:
1055 685 1232 743 atque
1265 681 1329 729 in
1358 676 1589 729 Gallias
1618 680 1983 743 nauiganteS,
2015 678 2156 742 quid
2187 678 2364 730 GVL.
2391 678 2515 731 ΡΟ-

235 765 257 799 5
307 746 630 800 STELLVS
655 747 774 800 illic
800 751 955 801 circa
979 748 1135 802 hanc
1158 749 1399 802 Stellam
1424 748 1752 812 speculatus
1777 748 1856 809 fit,
1884 750 2158 814 deinceps
2187 750 2290 814 (vti
2316 749 2515 801 consti-

306 818 550 882 tuimus)
571 819 1056 884 introspiciamuS‚
1078 821 1297 873 iudicio
1318 820 1513 872 debito
1532 819 1924 886 subijciamuS.
1946 815 1967 889 ΙΙ

189 1011 276 1055 712
822 989 922 1062 D.
970 989 1321 1062 DAVID
1365 988 2016 1063 CHYTRAEVS.

431 1102 752 1156 UAMUIS
771 1103 957 1157 studia
970 1104 1398 1157 Mathematica
1413 1120 1485 1156 ex
1498 1104 1741 1170 professo
1754 1120 1880 1156 non
1892 1103 2092 1158 tractet
2106 1106 2518 1158 celeberrimus

448 1175 792 1227 Academiae
813 1174 1219 1228 Rostochianae
1233 1175 1526 1238 Professor‚
1548 1176 1622 1228 D.
1639 1176 1841 1228 Dauid
1857 1175 2196 1242 Chytraeus:
2217 1176 2312 1228 sed
2326 1176 2517 1229 Theo-

217 1263 260 1298 ιο
307 1245 498 1311 logica
516 1253 693 1311 atque
708 1246 1001 1300 Historica
1018 1254 1332 1312 proponat:
1354 1247 1761 1309 nihilominuS,
1783 1263 1919 1312 quae
1939 1248 2015 1300 ad
2035 1247 2145 1300 has
2159 1249 2332 1300 Artes
2350 1264 2517 1300 exco-

308 1317 516 1369 lendas
545 1317 784 1379 faciunt,
815 1318 954 1371 data
982 1318 1301 1380 occasione,
1332 1325 1623 1384 quantum
1651 1321 1714 1370 in
1741 1318 1863 1383 ipso
1891 1319 1981 1380 est,
2011 1335 2364 1384 promouere
2393 1335 2518 1371 non

307 1390 652 1441 intermittit:
675 1388 728 1440 &
746 1388 1058 1442 studiosam
1069 1393 1442 1442 iuuentutem
1455 1390 1531 1442 ad
1545 1390 1822 1443 Sideralis
1837 1390 2107 1443 Scientiae
2122 1394 2517 1456 cognitionem

309 1459 760 1524 adipiscendam,
780 1463 989 1526 iugiter
1003 1461 1305 1514 adhortari
1318 1461 1480 1513 solet:
1502 1462 1881 1527 Praeceptoris
1894 1461 1996 1523 sui,
2008 1462 2134 1513 Viri
2147 1465 2515 1527 incompara-

309 1530 443 1583 bilis
469 1530 522 1583 &
546 1530 947 1584 laudatissimae
970 1535 1295 1594 memoriae,
1322 1533 1653 1587 PHILIPPI
1674 1532 2288 1595 MELANTHONIS,
2315 1533 2428 1586 hac
2454 1536 2517 1585 in

218 1619 260 1654 15
308 1608 472 1667 parte
491 1602 726 1668 vestigia
751 1609 928 1668 atque
955 1603 1561 1670 exemplum‘secutuS,
1589 1606 1691 1669 qui
1710 1604 1885 1656 Artes
1905 1603 2361 1657 Mathematicas
2383 1604 2518 1656 &in

308 1672 401 1726 his
414 1673 891 1727 Astronomicum
909 1674 1230 1740 praesertim
1247 1675 1516 1737 studium,
1535 1676 1831 1728 bonarum
1851 1675 2308 1740 Disciplinarum
2330 1676 2516 1728 alum-

308 1747 401 1797 nis
429 1745 688 1810 impense
717 1745 943 1811 semper
971 1746 1446 1799 commendabat:
1476 1747 1814 1811 multosque
1843 1749 1908 1798 in
1935 1746 2091 1799 hanc
2120 1763 2382 1808 arenam,
2415 1747 2518 1799 sua

308 1815 685 1869 Authoritate
711 1824 889 1882 atque
914 1817 1154 1871 hortatu
1178 1821 1473 1883 pertraxit.
1503 1818 1701 1882 Quem
1720 1821 1784 1870 in
1802 1818 1916 1870 hoc
1938 1818 2042 1882 (vti
2061 1818 2204 1882 dixi)
2225 1818 2518 1883 proposito

310 1887 626 1953 Chytraeus
645 1888 1018 1943 laudabiliter
1036 1892 1318 1942 imitatur:
1339 1896 1400 1941 vt
1412 1896 1473 1941 vt
1488 1889 1754 1954 plerique
1769 1905 1993 1950 eorum,
2015 1892 2117 1954 qui
2130 1889 2519 1955 Theologiam

214 1975 261 2010 20
308 1959 629 2021 venditant,
656 1959 1051 2013 adolescentes
1077 1961 1151 2014 ab
1177 1960 1331 2013 hisce
1356 1961 1807 2022 sublimioribus,
1839 1960 1892 2013 &
1919 1960 2147 2013 liberali
2171 1964 2409 2026 ingenio
2436 1961 2517 2012 di-

309 2031 580 2096 gnissimis
613 2031 896 2097 ScientijS,
936 2032 1305 2093 absterreant,
1341 2032 1394 2084 81
1429 2031 1812 2084 dehortentur
1842 2035 2055 2097 potiuS‚
2096 2048 2278 2097 quam
2310 2033 2386 2084 ad
2418 2047 2519 2084 eas

311 2101 697 2167 capescendas
725 2105 998 2155 inuitent:
1028 2103 1193 2165 forte,
1225 2119 1299 2155 ex
1327 2119 1447 2168 quo
1476 2103 1700 2168 ipfimet
1730 2119 1830 2155 eas
1855 2103 2088 2168 prorsus
2114 2107 2398 2169 ignorent,
2425 2103 2520 2155 vel

310 2173 512 2226 saltem
531 2189 636 2238 per
654 2174 1032 2227 transennam
1051 2178 1151 2227 vix
1169 2174 1540 2239 inspexerint,
1567 2175 1757 2227 nolint
1781 2175 1916 2227 suos
1940 2174 2249 2239 discipulos
2268 2175 2323 2227 se
2345 2173 2518 2227 (10611-

311 2259 443 2296 ores
472 2251 650 2310 atque
680 2245 1032 2298 oculatiores
1062 2246 1333 2299 euadere.
1364 2246 1526 2299 Nam
1555 2245 1608 2298 81
1637 2246 1831 2299 ardea
1861 2247 2074 2312 culpat
2100 2260 2344 2313 aquam,
2376 2245 2520 2312 quia

216 2332 263 2367 2⁵
310 2313 510 2382 nescit
525 2330 683 2370 nare
695 2331 820 2384 per
833 2315 1024 2370 iIIam.

384 2387 479 2439 De
492 2386 606 2440 hac
619 2394 821 2440 autem
835 2388 1030 2450 Stella,
1051 2388 1286 2441 nullum
1299 2389 1595 2454 peculiare
1609 2395 1712 2441 aut
1725 2388 1885 2440 iustae
1897 2389 2319 2454 magnitudinis
2334 2388 2519 2452 Scrip-

311 2465 455 2520 tum,
481 2461 546 2510 in
570 2459 875 2524 publicum
895 2460 1079 2512 emisit
1098 2458 1283 2512 dicius
1303 2459 1642 2526 Chytraeus:
1668 2460 1764 2512 sed
1789 2462 2048 2524 primum
2074 2459 2333 2524 pagellas
2355 2459 2519 2524 quas-

313 2530 468 2591 dam,
496 2530 1080 2584 commonefactionis
1107 2531 1256 2593 loco,
1284 2534 1437 2583 circa
1462 2531 1634 2592 hanc,
1661 2534 1723 2582 in
1744 2530 1961 2583 Schola
1980 2530 2367 2582 Rostochiana
2389 2546 2519 2594 pro-

312 2600 517 2666 posuit,
538 2617 687 2666 quas
700 2602 897 2666 postea
910 2605 1348 2668 commentarijs
1362 2602 1477 2654 suis
1490 2601 1661 2667 super
1675 2602 2206 2663 Deuteronomion,
2228 2617 2351 2653 non
2370 2601 2519 2653 mul-

313 2678 440 2724 tum
460 2675 801 2725 immutatas
820 2673 916 2725 vel
935 2672 1224 2726 auctiores
1244 2673 1515 2734 redditaS,
1536 2673 1790 2725 inseruit.

385 2742 540 2806 Quae
559 2759 702 2795 vero
723 2744 797 2796 ab
818 2747 985 2796 initio
1006 2744 1079 2796 de
1099 2744 1212 2796 hac
1233 2744 1411 2797 Stella
1431 2744 1646 2796 chartis
1666 2744 1990 2803 mandauit,
2018 2750 2310 2808 quantum
2329 2743 2519 2795 Astro-

313 2817 614 2866 nomicam
635 2817 761 2866 eius
785 2815 1309 2867 considerationem
1334 2821 1790 2879 accuratamque
1818 2814 2275 2880 defignationem
2302 2818 2520 2874 attinet,

313 2888 490 2937 nimis
517 2885 637 2937 lato
662 2886 843 2938 modo
868 2886 1099 2950 prolata
1123 2886 1268 2938 sunt.
1297 2884 1467 2939 Recte
1494 2886 1734 2950 quidem
1753 2888 1817 2937 in
1835 2885 1957 2950 ipso
1980 2885 2350 2950 frontispici0‚
2380 2886 2520 2938 Stel-

313 2956 436 3009 lam
446 2955 781 3009 inusitatam
793 2956 845 3008 &
855 2972 1082 3009 nouam
1092 2957 1366 3022 appellat.
1381 2958 1461 3008 At
1472 2957 1632 3021 quod
1645 2957 1928 3018 Cometae,
1945 2959 2047 3021 qui
2058 2957 2255 3009 versus
2267 2957 2522 3009 Boream

219 3043 265 3078 35
313 3027 415 3080 sub
437 3028 692 3092 Imperio
713 3027 971 3079 Neronis
997 3031 1162 3080 iuxta
1183 3028 1547 3093 Cassiopeam
1569 3028 1891 3088 videbatur,
1920 3044 2054 3080 eam
2078 3044 2220 3080 mox
2246 3028 2520 3087 assimilet,

315 3101 458 3151 citra
483 3113 610 3150 rem
634 3098 786 3151 facit.
818 3099 996 3162 Quod
1023 3102 1183 3151 enim
1209 3115 1345 3151 cum
1373 3099 1636 3152 Cometis
1661 3098 1812 3151 nihil
1836 3099 1932 3150 vel
1958 3099 2282 3151 admodum
2310 3115 2523 3164 parum

315 3185 631 3222 commune
645 3169 932 3231 habuerit,
947 3173 1069 3222 iam
1083 3170 1395 3234 aliquoties
1409 3186 1446 3222 a
1459 3170 1630 3222 nobis
1645 3170 1932 3222 ostensum
1946 3170 2036 3222 est.
2052 3171 2180 3222 Nec
2195 3173 2373 3222 etiam
2387 3186 2523 3222 cum

315 3238 730 3293 coniunctione
756 3240 994 3293 Saturni
1021 3241 1073 3292 &
1100 3241 1252 3293 Solis
1280 3244 1343 3293 in
1372 3241 1709 3306 Scorpione,
1741 3257 1876 3306 quae
1904 3241 2110 3293 vltimo
2140 3242 2233 3294 die
2255 3240 2522 3294 Octobris

316 3314 569 3377 contigit,
591 3311 644 3363 &
663 3311 859 3364 Stellae
879 3311 1058 3364 huius
1078 3312 1456 3374 incunabula,
1478 3315 1674 3377 quinis
1694 3313 1770 3365 ad
1790 3315 2106 3364 minimum
2121 3312 2224 3376 (vti
2239 3312 2521 3375 existimo)

221 3398 268 3433 40
316 3382 522 3435 diebus
549 3383 850 3444 antecessit,
878 3386 1183 3448 quippiam
1208 3382 1415 3436 habuit
1441 3386 1783 3449 commertij.
1814 3384 2001 3448 Prope
2028 3384 2391 3449 Cassiopeam
2418 3386 2522 3435 im-

457 3464 505 3500 29
2299 3461 2524 3506 motam

217 2611 264 2723 ἔοι·
