2976 4264
487 339 580 390 102
991 334 1600 387 ASTRONOMIAE
1627 333 2192 386 INSTAURATAE

486 490 580 532 per
609 477 788 520 omnia
817 477 983 518 latera
1009 473 1270 528 Trianguli
1297 473 1455 524 GAC,
1486 473 1595 516 iam
1625 473 1852 528 cognita,
1882 473 2107 527 inquiro,
2137 473 2284 516 iuxta
2311 473 2689 528 operationem

484 535 849 590 Propofitionis
877 534 935 577 34
965 533 1108 576 Libri
1138 533 1338 584 Quarti,
1371 533 1456 576 uel
1485 532 1657 575 tertiae
1687 532 1831 575 Libri
1860 532 2037 584 Quinti
2066 532 2465 588 Regiomontani
2492 534 2559 577 de
2586 534 2690 577 Tri-

485 595 699 650 angulis.
723 593 939 636 Inuenio
961 596 1142 635 autem
1162 591 1360 635 dictum
1379 592 1643 646 Angulum
1664 594 1797 646 part.
1821 593 1863 635 7.
1887 591 2070 634 minut.
2091 591 2165 636 59.
2194 591 2350 635 Hunc
2370 604 2501 637 uero
2520 593 2691 648 Angu-

484 656 593 696 lum
614 653 826 696 metitur
845 654 1014 695 Arcus
1035 652 1144 703 DE,
1167 651 1522 694 differentiam
1540 650 1902 706 Longitudinis
1918 651 2090 694 Nouae
2104 651 2279 694 Stellae
2294 664 2327 694 a
2342 651 2689 707 Longitudine

483 713 670 767 prioris
703 712 949 755 Fixarum
982 711 1380 765 repraesentans.
1416 710 1753 765 Quapropter
1785 709 1992 754 adiecto
2024 710 2128 754 hoc
2158 711 2317 763 Arcu,
2350 711 2583 765 partium
2613 715 2689 769 (ut

484 772 607 828 dixi)
627 773 668 814 7.
692 772 732 814 81
752 771 935 814 minut.
957 770 1016 812 59
1043 770 1111 812 ad
1138 770 1543 824 Longitudinem
1568 769 1759 824 prioris
1782 770 1940 822 Fixae‚
1969 782 2133 824 quam
2160 769 2486 814 assumfimus
2512 771 2610 815 esse
2635 771 2690 814 in

482 832 626 886 grad.
647 830 720 873 29.
743 830 867 873 min.
891 830 919 872 Ο
937 835 1011 882 V,
1041 829 1218 872 euadit
1240 830 1390 872 locus
1411 828 1774 884 Longitudinis
1794 829 1966 873 Nouae
1986 829 2163 873 Steuae
2182 828 2235 872 in
2254 830 2399 885 grad.
2421 831 2448 873 7
2470 829 2526 888 ³0²
2546 842 2690 874 com-

481 892 638 945 pleto,
666 890 842 933 minor
868 890 1050 932 saltem
1075 900 1182 932 uno
1209 888 1430 940 minuto,
1459 888 1816 932 Latitudinem
1842 889 2047 932 habens
2070 888 2138 932 ab
2160 888 2412 944 Ecliptica
2437 889 2593 945 supra
2617 889 2689 933 in-

481 952 698 992 uentam
718 949 790 992 53.
814 949 957 1003 grad.
980 948 1052 991 59.
1075 948 1259 991 minut.
1284 949 1427 1002 quod
1447 951 1561 991 erat
1581 948 2065 992 demonstrandum.
2088 946 2109 1007 ΙΙ

554 1008 670 1051 Hac
696 1009 874 1062 itaque
900 1007 1120 1059 ratione,
1148 1008 1328 1050 locum
1356 1007 1716 1063 Longitudinis
1737 1008 1778 1050 ἃ
1800 1007 2113 1050 Latitudinis
2139 1007 2295 1051 huius
2319 1007 2458 1052 Noui
2476 1007 2686 1061 Sideris,
2718 1008 2806 1052 587

482 1067 739 1111 beneficio
755 1066 1024 1111 Doctrinae
1037 1067 1440 1121 Triangulorum
1454 1066 1708 1110 infallibili
1722 1067 1978 1110 methodo
1996 1066 2371 1121 inquifiuimuS.
2392 1067 2688 1112 Processum

481 1138 609 1170 uero
631 1126 980 1181 operationis,
1004 1126 1057 1168 in
1077 1126 1399 1181 inquirendis
1418 1126 1632 1181 Angulis
1653 1126 1694 1169 81
1715 1126 1993 1170 Lateribus
2012 1125 2414 1182 Triangulorum
2435 1127 2688 1182 quibusue

480 1187 588 1229 iam
609 1186 1062 1238 commemoratis,
1083 1185 1230 1229 iuxta
1251 1186 1440 1229 citatas
1453 1186 1609 1229 huius
1624 1185 1894 1230 Doctrinae
1907 1185 2305 1241 Propolitiones‚
2325 1198 2435 1230 non
2448 1186 2519 1230 est
2532 1186 2688 1231 huius

480 1245 584 1289 loci
602 1245 805 1300 plenius
826 1245 1108 1300 explicare,
1134 1249 1250 1288 tum
1276 1246 1419 1300 quod
1439 1245 1708 1300 prolixius,
1731 1245 1772 1287 8ι
1792 1245 1948 1288 nimis
1968 1246 2280 1300 perplexum
2300 1245 2451 1289 fieret
2468 1246 2592 1290 hinc
2612 1249 2688 1291 to-

479 1308 593 1347 tum
619 1305 902 1360 negotium,
932 1306 1073 1348 bona
1099 1305 1241 1348 enim
1263 1317 1387 1360 pars
1407 1304 1824 1360 Propositionum
1846 1304 1990 1348 Libri
2010 1304 2196 1356 Quarti
2216 1305 2614 1361 Regiomontani
2633 1305 2687 1349 in

479 1365 582 1408 hoc
605 1365 778 1419 Opere
799 1364 1103 1416 absumitur,
1132 1376 1196 1408 eo
1218 1365 1361 1419 quod
1382 1376 1584 1416 omnes,
1612 1376 1764 1408 more
1785 1364 2123 1409 Geometrico
2144 1364 2432 1408 catenatim
2452 1365 2687 1410 cohaere-

479 1427 589 1467 ant:
617 1427 731 1467 tum
758 1424 919 1467 etiam
947 1424 1069 1478 quia
1096 1424 1323 1468 diuinior
1348 1424 1389 1466 81
1415 1423 1758 1468 excellentior
1783 1425 1842 1467 fit
1859 1424 2262 1479 Triangulorum
2288 1424 2684 1480 Sphaericorum

479 1483 722 1538 cognitio,
746 1496 909 1538 quam
929 1484 1010 1527 fas
1031 1485 1089 1526 fit
1109 1483 1220 1527 eius
1242 1483 1490 1538 Mysteria
1509 1483 1695 1527 leuiter
1713 1484 2011 1538 propalare.

550 1542 697 1586 Licet
715 1554 845 1586 uero
866 1555 974 1587 non
992 1544 1231 1598 ignorem
1251 1543 1534 1586 Stellarum
1554 1541 1744 1586 Octaui
1763 1542 1919 1586 Orbis
1938 1544 2075 1595 loca,
2103 1554 2212 1587 non
2237 1542 2337 1587 esse
2363 1543 2483 1587 latis
2509 1543 2685 1599 exqui-

478 1602 567 1645 fite
588 1602 813 1657 cognita,
841 1603 982 1645 unde
1001 1603 1117 1646 fieri
1135 1603 1316 1658 potest,
1346 1603 1489 1657 quod
1508 1604 1630 1646 loca
1650 1602 1913 1654 Fixarum,
1943 1602 2132 1657 quibus
2151 1602 2204 1645 in
2224 1602 2328 1646 hac
2349 1603 2685 1647 Demonstra-

476 1661 619 1705 tione
643 1665 901 1716 tanquam
927 1662 1275 1706 fundamento
1301 1663 1375 1705 usi
1403 1662 1596 1714 sumus,
1623 1673 1732 1705 non
1754 1662 1971 1717 praecil'e
1991 1674 2131 1714 eum,
2160 1673 2320 1716 quem
2341 1662 2683 1715 assumfimus,

476 1721 710 1765 habeant
743 1722 1102 1777 Longitudinis
1135 1722 1176 1764 81
1210 1721 1521 1765 Latitudinis
1554 1722 1751 1773 locum,
1790 1724 2114 1776 quapropter
2144 1722 2294 1765 locus
2324 1721 2480 1765 huius
2512 1722 2560 1765 N
2563 1734 2684 1767 ouae

477 1780 667 1833 Stellae,
696 1781 857 1824 etiam
883 1783 1044 1836 paulo
1071 1781 1221 1824 aliter
1244 1781 1383 1825 forte
1410 1781 1802 1825 constituendus
1821 1780 2021 1833 ueniat;
2048 1784 2232 1825 tamen
2252 1781 2375 1836 quia
2394 1781 2613 1836 ipsemet
2631 1782 2685 1825 in

476 1840 668 1883 harum
684 1841 931 1884 Fixarum
951 1841 1098 1893 locis,
1120 1841 1248 1884 nihil
1269 1841 1398 1885 certi
1419 1841 1759 1884 obseruatum
1778 1839 2034 1884 hacstenus
2048 1840 2298 1893 habeam,
2319 1841 2463 1884 nolui
2479 1842 2684 1885 aPtole-

476 1900 602 1943 maei
613 1900 653 1942 δι
665 1900 939 1955 Copernici
951 1901 1293 1945 annotatione
1304 1901 1570 1944 recedere.
1588 1899 1902 1955 Quinpotius
1917 1912 2042 1943 cum
2056 1900 2170 1952 illis,
2187 1912 2350 1955 quam
2362 1900 2683 1956 Alphonfina

476 1959 738 2014 farragine
760 1960 961 2012 sentire,
984 1972 1048 2004 eo
1071 1961 1214 2014 quod
1229 1959 1608 2004 Obseruatione
1623 1959 1813 2003 crebra
1828 1959 2119 2012 didicerim,
2142 1959 2418 2014 Copernici
2430 1972 2683 2004 numeros

475 2018 692 2073 propius
707 2020 852 2063 Coelo
875 2021 1149 2072 accedere,
1173 2032 1335 2074 quam
1357 2022 1449 2062 aut
1461 2019 1825 2074 Alphonfinas,
1849 2022 1940 2062 aut
1958 2020 2093 2062 ullas
2114 2019 2245 2062 alias
2260 2019 2560 2063 Coeleftium
2572 2032 2685 2064 mo-

474 2080 627 2121 tuum
639 2078 883 2122 Tabulas.
907 2079 1128 2123 Confido
1150 2082 1330 2122 autem
1350 2080 1531 2123 locum
1548 2078 1703 2121 huius
1717 2078 1894 2122 Stellae
1910 2091 1942 2121 a
1955 2078 2108 2122 nobis
2123 2078 2447 2134 assignatum,
2469 2079 2511 2122 81
2530 2079 2685 2123 bene-

475 2137 598 2180 ficio
626 2138 969 2181 assumtarum
990 2139 1237 2182 Fixarum
1262 2139 1552 2190 inuentum,
1581 2149 1688 2181 non
1714 2139 1942 2181 multum
1969 2150 2001 2181 a
2026 2149 2156 2182 uero
2178 2138 2444 2191 aberrare,
2473 2139 2515 2181 &
2540 2140 2682 2183 dabo

476 2208 713 2251 operam,
742 2198 777 2240 fi
802 2198 974 2240 DEVS
1001 2198 1167 2242 uitam
1193 2197 1575 2253 prorogauerit,
1602 2200 1660 2240 ut
1683 2198 1805 2241 loca
1825 2197 2072 2240 Fixarum
2098 2209 2165 2240 ex
2190 2198 2407 2253 propria
2427 2198 2682 2242 Obserua-

472 2256 615 2300 tione
628 2256 913 2311 aliquando
926 2258 1225 2309 emendata,
1240 2258 1294 2300 in
1305 2268 1650 2301 communem
1660 2257 2102 2301 Astronomorum
2113 2257 2392 2301 utilitatem
2403 2258 2679 2313 prodeant.

547 2317 621 2358 Ex
641 2316 743 2359 hac
764 2316 979 2360 inuenta
999 2317 1154 2360 huius
1176 2318 1346 2361 Nouae
1367 2317 1544 2360 Stellae
1565 2315 1913 2371 Longitudine
1934 2317 1975 2359 81
1996 2316 2310 2369 Latitudine,
2338 2317 2493 2372 ipsius
2519 2317 2681 2361 etiam

474 2375 915 2428 Declinationem‚
956 2377 1060 2420 fiue
1093 2378 1236 2431 quod
1267 2376 1410 2420 idem
1442 2376 1530 2428 est,
1566 2375 1632 2419 ab
1667 2376 1965 2430 AEquatore
1996 2376 2351 2420 remotionem
2383 2376 2679 2430 minimam,

476 2434 734 2479 beneficio
750 2435 1104 2490 Sphaeralium
1117 2436 1534 2491 Triangulorum,
1550 2435 1727 2478 inueni
1739 2438 1873 2490 part.
1890 2435 1963 2478 61.
1980 2435 2105 2479 min.
2121 2435 2194 2479 59.
2211 2435 2682 2488 Quemadmodum

477 2505 571 2548 per
590 2495 998 2538 Instrumentum
1019 2496 1181 2539 etiam
1202 2495 1403 2540 oculari
1424 2494 1804 2538 Obseruatione
1826 2493 1986 2547 facta,
2012 2495 2160 2538 illam
2179 2495 2412 2539 eiusdem
2431 2496 2681 2550 exquisite

477 2554 780 2606 quantitatis
805 2554 996 2598 inueni.
1023 2555 1138 2598 Pari
1165 2566 1376 2609 quoque
1402 2557 1608 2598 ratlone
1634 2566 1700 2597 ex
1725 2557 1854 2598 nota
1873 2554 2239 2598 Declinatione
2265 2555 2307 2597 ἃ
2334 2555 2681 2610 Longitudine

476 2613 616 2665 data,
641 2614 752 2657 eius
765 2614 1133 2658 Ascenfionem
1149 2613 1362 2658 Rectam
1375 2613 1614 2668 inquifiui
1634 2614 1778 2669 grad.
1793 2613 1836 2657 Ο.
1854 2613 1980 2658 min.
2001 2614 2053 2657 17
2067 2613 2193 2658 fere.
2215 2614 2367 2658 Vnde
2386 2614 2506 2658 haec
2521 2615 2681 2659 Stella

476 2683 600 2715 cum
625 2672 678 2715 19
698 2673 859 2716 minu.
882 2674 1038 2728 primi
1064 2675 1257 2729 gradus
1275 2679 1337 2726 V
1355 2674 1561 2716 Coelum
1581 2673 1852 2725 culminat,
1882 2685 2008 2717 cum
2033 2673 2220 2717 uertici
2244 2674 2492 2729 proxima
2516 2675 2610 2727 est3
2639 2674 2680 2717 ἃ

475 2743 599 2774 cum
619 2732 842 2776 totidem
856 2735 928 2788 15-2„
953 2734 1128 2777 denuo
1150 2733 1506 2777 Meridianum
1518 2733 1715 2784 transit,
1738 2732 2017 2776 Horizonti
2029 2733 2220 2777 uicina.
2243 2734 2325 2776 Est
2337 2733 2515 2788 itaque
2530 2735 2680 2778 locus

475 2791 584 2834 eius
600 2792 823 2844 Circulo,
841 2805 1000 2847 quem
1015 2793 1268 2836 Colurum
1281 2791 1748 2847 AEquinoctiorum
1760 2795 1974 2844 uocant,
1991 2792 2159 2836 ferme
2174 2793 2499 2846 coincidens;
2521 2793 2680 2848 idque

473 2850 619 2893 iuxta
639 2851 830 2895 limites
850 2852 953 2895 uiae
973 2851 1173 2905 lacteae,
1197 2852 1482 2907 Cassiopeae
1503 2852 1543 2894 81
1564 2852 1775 2906 Cepheo
1795 2850 2109 2896 interiectos.

543 2910 819 2954 Verticalis
849 2915 1030 2955 autem
1059 2912 1132 2955 est
1160 2912 1257 2955 illis
1286 2912 1338 2954 in
1363 2912 1524 2954 Terra
1551 2911 1699 2963 locis,
1731 2922 1852 2965 quae
1878 2912 2242 2955 Eleuationem
2267 2911 2375 2956 Poli
2398 2910 2593 2956 Arctici
2620 2911 2679 2968 §2

472 2969 583 3012 fere
604 2971 796 3024 gradus
816 2971 1034 3023 habent;
1064 2971 1231 3014 Tanta
1252 2971 1392 3014 enim
1414 2971 1487 3013 est
1507 2971 1682 3013 Stellae
1702 2970 1778 3026 (ut
1797 2970 1923 3028 dixi)
1942 2971 2253 3015 Declinatio.
2281 2974 2452 3026 Atque
2471 2971 2591 3015 haec
2612 2972 2679 3015 de

475 3028 645 3072 Nouae
670 3029 804 3073 illius
825 3031 999 3074 Stellae
1023 3031 1205 3085 pofitu,
1233 3034 1347 3073 tam
1368 3042 1473 3084 quo
1495 3030 1564 3072 ad
1584 3029 1752 3081 Fixas,
1781 3042 1945 3084 quam
1965 3030 2233 3085 Eclipticae
2253 3030 2676 3086 Longitudinem‚

472 3088 746 3142 ipsumque
766 3090 1137 3144 AEquatorem‚
1160 3089 1476 3133 sufficienter
1496 3089 1537 3131 81
1557 3087 1711 3141 dicta,
1734 3089 1775 3132 81
1796 3090 2156 3133 demonstrata
2176 3089 2274 3134 esse
2295 3090 2538 3134 arbitror.

546 3147 701 3191 Hunc
724 3151 904 3191 autem
924 3150 1150 3203 politum
1172 3149 1398 3192 seruauit
1415 3151 1530 3192 toto
1549 3151 1808 3203 tempore,
1837 3160 1904 3191 ex
1924 3160 2030 3203 quo
2049 3149 2197 3192 illam
2217 3149 2390 3204 primo
2411 3149 2678 3204 conspexi-

475 3218 609 3258 mus,
644 3219 741 3250 nec
770 3209 877 3251 ullo
907 3208 1110 3252 minuto
1139 3208 1522 3265 (saepenumero
1552 3206 1693 3251 facta
1723 3207 1952 3263 diligenti
1981 3208 2379 3265 Obseruatione)
2409 3209 2532 3253 hinc
2561 3221 2678 3264 pro-

474 3266 636 3321 gressa
662 3267 755 3310 est:
785 3267 1122 3322 Quapropter
1146 3268 1198 3310 in
1223 3268 1491 3322 posterum
1515 3267 1678 3310 etiam
1698 3267 1890 3310 eodem
1909 3267 1962 3310 in
1981 3269 2103 3312 loco
2129 3268 2550 3323 permansuram,
2576 3280 2676 3313 nec

473 3326 579 3368 ullo
601 3325 703 3369 alio
718 3330 867 3369 motu
881 3327 1113 3381 proprio,
1136 3339 1300 3381 quam
1313 3327 1596 3369 Stellarum
1613 3326 1875 3379 Fixarum,
1898 3327 2171 3371 communi
2186 3326 2406 3371 Od'tauae
2420 3327 2674 3382 Sphaerae,

473 3385 856 3440 progressuram
877 3398 1120 3441 auguror.
1144 3384 1164 3445 ΙΙ

2566 3472 2675 3525 DE

2737 720 2760 755 5

2739 1313 2782 1349 1⁵

2732 1908 2778 1942 25

2728 2799 2775 2834 40

2725 3096 2773 3131 45
