2976 4264
466 325 556 377 104
966 320 1577 374 ASTRONOMIAE
1603 320 2170 374 INSTAURATAE

464 464 518 507 in
532 466 830 507 extremum
845 460 1043 504 Orbem
1058 461 1095 502 B
1105 460 1151 502 D
1161 460 1261 511 EC,
1283 457 1483 517 ca-ssdet
1495 458 1634 502 linea
1649 460 1717 503 ab
1731 460 1777 503 A
1790 472 1886 515 per
1899 461 1943 504 O
1958 460 2012 503 in
2025 462 2080 505 P:
2103 474 2136 504 a
2151 461 2198 504 K
2211 474 2341 506 uero
2356 475 2450 518 per
2463 463 2607 507 idem
2622 462 2668 507 Ο
2699 461 2788 505 589

464 524 517 566 in
529 523 589 574 Q.
606 523 687 565 Est
700 521 852 577 igitur
862 520 960 571 PQ,
973 520 1142 562 Arcus
1155 518 1312 573 primi
1326 517 1553 570 mobiliS‚
1570 518 1745 562 Stellae
1758 519 1996 574 aspectus
2008 521 2363 565 diuerfitatem
2375 523 2666 567 ostendens.

535 582 706 624 Lubet
723 591 853 623 uero
873 579 1183 633 inuestigare
1204 577 1555 631 quantitatem
1573 578 1744 622 Arcus
1763 579 1867 631 PQ,
1895 583 1953 622 ut
1972 579 2279 634 innotescat,
2305 585 2561 636 quantam
2580 582 2671 626 ha-

465 642 611 684 beret
634 640 753 682 haec
775 639 934 682 Stella
958 637 1314 680 diuerfitatem
1340 635 1594 691 aspee‘tuS,
1623 637 1902 682 Horizonti
1919 639 2111 692 uicina,
2133 640 2169 682 fi
2188 640 2242 683 in
2263 640 2470 685 Circulo
2491 642 2671 685 IGHF

463 699 705 754 proxime
725 698 863 740 infra
877 697 1077 740 Orbem
1093 697 1260 739 Lunae
1276 696 1693 749 constitueretur,
1714 697 1768 740 in
1786 697 1982 753 puncto
1997 698 2058 742 O.
2082 699 2246 753 quue
2260 703 2318 742 ut
2332 701 2670 745 commodius

463 759 571 811 fiat,
602 758 929 813 producatur
955 756 1094 799 linea
1124 755 1296 807 QOK,
1329 755 1499 799 donec
1531 754 1635 798 alia
1662 769 1694 800 a
1720 757 1911 801 Centro
1937 758 1983 800 A
2007 758 2272 812 prodiens,
2303 759 2375 802 illi
2399 760 2671 815 perpendi-

465 817 712 861 culariter
735 816 949 868 incidat,
978 816 1140 869 fitque
1166 815 1270 858 hoc
1296 814 1351 857 in
1375 813 1570 869 pund’to
1598 815 1651 860 R.
1681 817 1814 859 Cum
1840 817 1994 872 igitur
2011 818 2245 872 Angulus
2266 819 2412 871 BKQ
2433 822 2590 863 notus
2613 820 2672 863 fit

464 889 559 932 per
566 876 646 919 Ob
653 875 1018 925 seruationem‚
1035 875 1108 918 est
1121 874 1264 917 enim
1273 874 1736 928 Complementum
1743 876 2041 920 Altitudinis
2052 877 2305 930 minimae,
2314 878 2470 933 ipsius
2478 879 2670 932 Stellae,

463 936 708 980 uidelicet
726 934 958 990 partium
977 934 1035 978 62
1054 933 1313 989 proxime,
1334 944 1507 988 neque
1521 933 1663 978 enim
1679 935 1766 979 hic
1781 936 2022 990 praecifio
2037 948 2232 992 magna
2245 937 2542 992 requiritur,
2564 950 2673 982 non

1035 1011 1047 1023 ·
1603 994 1930 1050 ignorabitur
1949 995 1997 1039 ei
2017 997 2402 1051 contrapofitus
2422 998 2569 1040 RKA
2581 998 2673 1053 ipfi

1605 1055 1847 1109 aequalis3
1876 1055 1950 1099 est
1973 1055 2183 1110 insuper
2206 1056 2390 1112 Angul.
2417 1057 2579 1110 KRA,
2606 1068 2673 1100 ex

1605 1113 1990 1158 constructione
2004 1114 2210 1159 Rectus:
2233 1115 2274 1158 &
2292 1116 2457 1160 Latus
2471 1117 2565 1159 KA
2584 1128 2675 1161 no-

1603 1176 1720 1217 tum
1735 1174 1822 1226 est,
1844 1186 1940 1229 per
1956 1174 2260 1218 mensuram
2274 1187 2671 1231 quamcunque;

1604 1233 1677 1276 est
1704 1233 1845 1276 enim
1871 1234 2275 1278 Semidiameter
2298 1235 2454 1289 ipsius
2472 1235 2670 1279 Terrae:

1491 1305 1550 1355 q-
1603 1304 1713 1336 non
1735 1293 1918 1337 latebit
1936 1293 2043 1346 AR,
2071 1305 2167 1348 per
2185 1294 2243 1337 29
2262 1295 2673 1349 Propofitionem

1605 1352 2003 1407 Regiomontani
2022 1354 2088 1396 de
2106 1353 2394 1409 Triangulis
2413 1354 2599 1409 planis.
2622 1354 2675 1397 Si

1604 1411 1783 1466 itaque
1810 1415 2041 1467 ponatur
2069 1413 2474 1457 Semidiameter
2496 1414 2674 1458 Terrae

1607 1472 1721 1523 KA,
1736 1475 1871 1526 part.
1886 1472 2074 1524 100000,
2089 1475 2349 1527 tanquam
2363 1474 2501 1517 finus
2513 1476 2672 1525 totus,

1538 1531 1581 1568 D
1606 1542 1732 1574 cum
1755 1532 1814 1573 fit
1834 1532 1998 1575 Latus
2019 1531 2175 1575 Recto
2194 1532 2400 1588 Angulo
2427 1533 2517 1587 qui
2542 1533 2612 1576 ad
2637 1533 2675 1575 R

1606 1591 1920 1645 oppositum,
1966 1591 2145 1635 euadit
2182 1592 2347 1635 Latus
2383 1592 2493 1645 AR,
2538 1595 2673 1647 part.

1605 1649 1767 1694 88363.
1800 1650 1952 1694 Nunc
1983 1651 2203 1694 demum
2232 1651 2477 1706 concipio
2501 1651 2677 1695 Trian-

1606 1710 1786 1764 gulum
1807 1709 1967 1763 ROA,
1997 1710 2145 1754 cuius
2172 1711 2279 1754 duo
2306 1711 2501 1755 Latera
2522 1711 2614 1754 RA
2633 1711 2675 1753 81

1604 1769 1704 1812 AO
1731 1772 1859 1813 nota
1887 1770 2014 1813 sunt.
2043 1770 2125 1812 Est
2151 1770 2293 1813 enim
2311 1770 2410 1814 AO
2432 1770 2675 1814 distantia

1606 1841 1639 1871 a
1659 1831 1843 1872 centro
1861 1829 2039 1872 Terrae
2061 1830 2130 1873 ad
2149 1829 2393 1873 infimam
2416 1830 2676 1885 superfici-

1606 1899 1694 1931 em
1715 1888 1870 1931 Orbis
1898 1889 2081 1941 Lunae,
2110 1901 2274 1943 quam
2298 1901 2407 1932 una
2434 1901 2560 1933 cum
2583 1889 2676 1934 Co-

1605 1947 1823 2001 pernico
1851 1948 2125 1991 statuimus
2144 1951 2278 2003 part.
2301 1949 2524 2001 5200000,
2552 1961 2677 2004 qua-

1606 2007 1736 2049 lium
1768 2007 2173 2051 Semidiameter
2202 2008 2379 2051 Terrae
2410 2009 2528 2061 AK,
2562 2011 2677 2052 erat

1610 2066 1782 2109 100000
1800 2066 1964 2124 (lubet
1978 2067 2120 2110 enim
2134 2067 2426 2111 maioribus
2440 2067 2676 2111 numeris

470 2125 739 2181 negotium
759 2124 863 2168 hoc
885 2124 1174 2176 absoluere,
1196 2127 1254 2167 ut
1273 2125 1509 2168 calculus
1530 2135 1594 2167 eo
1616 2126 1675 2168 fit
1694 2126 2033 2170 commodior
2052 2127 2093 2168 81
2112 2125 2347 2170 exactius
2366 2127 2676 2184 innotescat)

472 2197 702 2239 cumque
722 2184 774 2227 in
795 2183 933 2227 dicto
947 2183 1225 2239 Triangulo
1239 2184 1472 2239 Angulus
1492 2183 1652 2237 ORA,
1676 2196 1741 2228 ex
1762 2185 2054 2240 Hypothefi
2076 2185 2260 2230 Rectus
2280 2187 2354 2239 fit,
2376 2198 2471 2241 per
2488 2187 2547 2230 27
2560 2188 2677 2231 Pro-

471 2244 783 2300 pofitionem
815 2243 1228 2299 Regiomontani,
1262 2244 1327 2287 de
1358 2243 1647 2298 Triangulis
1678 2245 1864 2299 planis,
1896 2257 2005 2289 non
2036 2245 2219 2289 latebit
2249 2246 2482 2301 Angulus
2514 2246 2675 2290 ROA.

474 2303 821 2358 Multiplicato
852 2303 992 2346 enim
1019 2304 1210 2347 Latere
1235 2304 1325 2345 AR
1354 2303 1407 2346 in
1434 2306 1607 2346 totum
1636 2305 1820 2356 finum,
1851 2305 2218 2359 producuntur
2245 2305 2556 2358 8836300000,
2588 2306 2677 2360 qui

472 2375 725 2407 numerus
744 2375 839 2417 per
860 2363 1023 2406 Latus
1042 2363 1141 2406 AO
1163 2362 1371 2414 diuisuS‚
1398 2363 1642 2418 relinquit
1672 2363 1785 2407 1699
1810 2367 2004 2418 partes,
2033 2365 2201 2407 finum
2225 2364 2472 2409 uidelicet
2489 2365 2677 2420 Anguli

474 2423 634 2475 ROA,
657 2422 806 2466 cuius
821 2423 992 2466 Arcus
1012 2422 1086 2466 est
1104 2422 1132 2465 O
1151 2422 1383 2477 partium
1402 2421 1485 2469 58³2*
1504 2423 1847 2475 minutorum,
1870 2424 1960 2478 qui
1978 2436 2247 2477 numerus,
2269 2424 2458 2479 Anguli
2476 2424 2678 2479 quaefiti

473 2481 790 2525 determinat
810 2481 1174 2536 quantitatem.
1204 2481 1341 2524 Huic
1361 2483 1491 2525 uero
1511 2482 1716 2537 Angulo
1738 2483 1899 2535 ROA,
1927 2483 2149 2537 aequalis
2169 2484 2243 2526 est
2261 2484 2494 2540 Angulus
2513 2484 2600 2528 ΡΟ
2613 2484 2674 2536 Q.

470 2542 552 2584 Est
577 2541 719 2584 enim
744 2541 817 2583 illi
843 2542 1243 2596 contrapofitus‚
1270 2544 1328 2584 ut
1352 2544 1498 2595 patet
1524 2553 1590 2585 ex
1616 2542 1899 2586 Elementis
1923 2542 2260 2595 Geometriae,
2287 2543 2488 2587 idcirco
2507 2544 2678 2587 Arcus

469 2601 573 2653 PQ,
607 2601 696 2655 qui
727 2601 868 2644 hunc
897 2601 1161 2655 Angulum
1192 2600 1406 2644 metitur
1436 2600 1584 2658 (nam
1615 2605 1833 2656 propter
1862 2602 2179 2645 immensam
2212 2602 2512 2646 distantiam
2542 2603 2679 2646 inter

470 2660 750 2714 Sphaeram
771 2660 938 2703 Lunae
959 2662 1000 2702 δι
1019 2660 1254 2714 primum
1274 2659 1487 2712 mobile,
1508 2661 1679 2704 Arcus
1698 2661 1785 2712 PQ
1807 2673 1914 2705 non
1934 2661 2112 2705 differt
2132 2662 2432 2705 sensibiliter
2451 2663 2518 2706 ab
2533 2663 2677 2706 Arcu

470 2719 675 2772 Circuli,
702 2719 981 2763 interuallo
1003 2720 1090 2763 ΟΡ
1110 2719 1139 2775 ij
1147 2720 1291 2763 sdem
1310 2719 1459 2763 lineis
1478 2720 1791 2778 intercepto)
1810 2721 2092 2776 Stellaeque
2112 2722 2344 2777 defignat
2362 2722 2675 2774 Parallaxin‚

470 2779 566 2822 erit
586 2778 913 2822 minutorum
933 2779 1030 2831 583,
1053 2779 1196 2833 quod
1217 2782 1331 2822 erat
1351 2780 1716 2833 quaerendum.

537 2838 762 2881 Tantam
787 2838 940 2893 igitur
965 2838 1220 2882 habuisset
1245 2838 1365 2882 haec
1392 2839 1552 2882 Stella
1577 2839 1631 2882 in
1658 2839 1702 2882 O
1730 2840 1912 2894 posita,
1941 2838 2179 2894 aspectus
2205 2839 2577 2893 diuerfitatem,
2604 2841 2672 2884 ab

469 2908 533 2941 eo
553 2898 691 2949 loco,
714 2909 874 2952 quem
893 2909 1060 2952 prope
1078 2897 1336 2941 uerticem
1358 2898 1645 2950 obtinebat,
1666 2898 1720 2941 in
1741 2910 1864 2942 eum
1883 2899 1975 2942 ubi
1990 2899 2266 2943 Horizonti
2286 2899 2532 2954 proxima
2552 2910 2675 2944 con-

471 2956 797 3011 spiciebatur,
827 2957 862 2999 fi
888 2957 942 2999 in
966 2957 1212 3012 proxima
1240 2957 1576 3001 concauitate
1602 2957 1759 3001 Orbis
1787 2959 1954 3002 Lunae
1981 2958 2253 3002 effulfisset.
2285 2959 2345 3001 Id
2371 2962 2550 3003 autem
2580 2970 2675 3014 per

469 3017 663 3059 multas
690 3016 730 3058 8ι
757 3015 1025 3070 diligentes
1046 3016 1453 3060 Obseruationes
1479 3017 1555 3074 (ut
1581 3018 1736 3072 supra
1756 3017 1881 3075 dixi)
1905 3016 2091 3070 facstas,
2120 3018 2372 3072 exquifito
2394 3018 2435 3060 81
2456 3018 2675 3062 minime

470 3075 648 3118 fallaci
680 3075 1046 3127 Instrumento‚
1080 3076 1269 3118 falsum
1300 3076 1614 3120 inuenimus.
1654 3077 1807 3120 Vnde
1839 3077 2103 3120 concludo
2135 3077 2275 3121 hanc
2307 3089 2477 3132 nuper
2505 3077 2674 3120 uisam

470 3134 687 3177 Stellam
710 3146 818 3178 non
838 3134 937 3178 esse
955 3134 1009 3177 in
1029 3134 1236 3178 Circulo
1257 3135 1452 3187 IGHF,
1482 3136 1726 3190 suprema
1751 3136 1999 3180 uidelicet
2018 3137 2412 3181 Elementorum
2432 3137 2672 3192 Regione‚

469 3192 712 3247 proxime
731 3193 868 3236 infra
889 3194 1057 3237 Lunae
1077 3194 1293 3246 Orbem,
1318 3206 1416 3238 nec
1437 3194 1491 3237 in
1511 3195 1689 3250 aliquo
1710 3196 1831 3239 loco
1852 3196 2028 3239 adhuc
2048 3196 2225 3239 Terrae
2244 3196 2507 3251 propiore.
2528 3196 2673 3239 Tunc

470 3252 612 3295 enim
641 3252 903 3296 maiorem
931 3252 1205 3296 induxisset
1234 3253 1585 3308 quantitatem
1612 3255 1783 3298 Arcus
1810 3255 1915 3307 PQ,
1950 3255 2228 3310 maiorque
2256 3255 2407 3299 fieret
2436 3254 2674 3310 aspectus

2719 706 2742 741 5

2725 1002 2768 1038 10

2726 1300 2769 1335 15

2724 1597 2771 1632 20

2724 1895 2771 1930 25

2725 2489 2774 2525 35

2722 3083 2769 3118 45

470 3311 760 3355 diuersitas:
786 3312 871 3355 sed
891 3313 1045 3367 longe
1066 3312 1219 3367 supra
1234 3310 1255 3372 ΙΙ
1269 3313 1550 3367 Sphaeram
1565 3314 1851 3366 Lunarem,
1872 3314 1925 3357 in
1938 3314 2048 3369 ipso
2064 3315 2209 3358 Coelo
2223 3315 2403 3358 locum
2419 3314 2672 3366 obtinere,
2705 3312 2793 3357 590

469 3370 627 3424 idque
646 3370 699 3413 in
719 3370 862 3414 Orbe
883 3371 1075 3426 aliquo,
1103 3374 1251 3416 tanto
1278 3372 1556 3416 interuallo
1578 3386 1610 3416 a
1629 3373 1790 3416 Terra
1810 3376 2035 3425 remoto,
2062 3377 2121 3417 ut
2146 3374 2284 3417 linea
2305 3374 2405 3416 KA
2424 3373 2675 3417 Semidia-

2489 3466 2675 3512 meter

2722 3380 2770 3415 50
