2976 4264
480 305 585 357 268
983 297 1594 352 ASTRONOMIAE
1620 295 2189 349 INSTAURATAE

481 461 625 506 cere,
648 442 869 495 Auctor
889 441 984 493 hic
1000 447 1264 493 conetur:
1287 439 1590 503 Siquidem
1605 441 1759 490 circa
1774 438 2229 491 Obseruationes
2243 439 2410 504 ipsas,
2431 439 2689 505 hincque

481 514 755 569 deductas
770 512 1328 571 DemonstrationeS,
1344 511 1617 562 Veritatis
1635 509 1929 574 inquifitio
1943 512 2007 562 in
2020 510 2134 562 hoc
2148 513 2383 575 negotio
2399 511 2691 576 captanda

480 588 558 639 fit.
594 587 750 638 Cum
783 587 955 649 igitur
985 583 1059 635 ad
1092 582 1547 635 Obseruationes
1575 588 1821 633 ventum
1854 581 1945 642 est,
1975 584 2150 633 vnico
2180 582 2290 643 die,
2323 582 2393 635 29
2421 583 2690 635 videlicet

481 656 856 716 NouembriS‚
886 654 1168 719 quasdam
1187 656 1418 718 promit,
1447 652 1773 705 admodum
1798 652 1918 704 lato
1945 653 2125 705 modo
2153 652 2205 705 &
2232 653 2553 715 oscitanter,
2581 670 2690 706 nec

481 732 657 781 etiam
677 727 906 778 idoneis
926 725 1135 790 medijs
1161 740 1268 790 pro
1294 727 1440 776 tanti
1467 726 1701 789 negotij,
1728 730 1851 776 tam
1876 723 2241 786 sublimitate,
2269 741 2452 789 quam
2476 725 2688 778 subtili-

478 806 593 852 tate
616 802 758 851 citra
778 812 1018 849 omnem
1038 796 1567 848 hallucinationem
1587 802 1836 848 notataS.
1865 795 2327 860 Qualescunque
2347 803 2547 849 autem
2566 796 2688 858 fint,

480 887 580 923 eas
600 885 759 922 nunc
779 868 1255 934 ponderabimuS.
1279 867 1436 918 Dicit
1454 866 1510 919 se
1530 865 1808 931 praedicto
1830 867 1923 919 die
1942 867 2258 919 obseruasse
2279 867 2435 920 hanc
2449 867 2691 920 Stellam

482 943 639 1006 (quae
663 941 748 992 illi
770 941 1022 992 Cometa
1042 939 1139 1002 est)
1161 942 1224 990 in
1244 938 1569 990 Azimutho
1591 938 1987 999 Horizontali‚
2015 938 2089 991 ab
2117 945 2248 991 ortu
2267 937 2691 1003 AEquinoctiali

479 1013 676 1065 versus
697 1012 1182 1076 Septentrionem,
1210 1016 1524 1062 numerato
1544 1010 1603 1062 P.
1625 1010 1710 1062 60.
1734 1007 1769 1075 l.
1791 1010 1846 1062 0:
1872 1016 2130 1074 tuncque
2157 1009 2411 1063 habuisse
2438 1010 2689 1063 altitudi-

479 1100 618 1137 nem
637 1083 821 1135 visam
841 1083 899 1134 P.
922 1083 1007 1135 77.
1032 1079 1066 1147 l.
1089 1083 1138 1143 O,
1160 1085 1243 1133 ita
1261 1087 1322 1133 vt
1342 1097 1379 1133 a
1397 1084 1612 1133 vertice
1633 1080 1888 1133 distiterit
1905 1081 2171 1134 Partibus
2193 1080 2391 1134 exacte
2413 1082 2491 1134 13:
2512 1088 2691 1147 vtque

478 1157 758 1220 temporis
784 1160 1157 1206 momentum
1182 1155 1302 1204 vna
1329 1152 1712 1218 cognosceret,
1740 1152 2111 1205 altitudinem
2138 1153 2376 1205 Lucidae
2397 1154 2568 1219 Lyrae
2595 1169 2690 1206 eo-

480 1228 615 1279 dem
634 1226 866 1278 instanti
885 1225 940 1277 se
962 1224 1394 1289 deprehendisse
1415 1223 1588 1276 refert
1603 1224 1660 1276 P.
1676 1224 1749 1275 41.
1768 1221 1802 1290 l.
1819 1224 1903 1277 35.
1925 1225 2282 1277 Assumendo
2303 1231 2503 1277 autem
2524 1220 2690 1293 111011-

481 1298 803 1364 gitudinem
830 1297 1000 1362 Lyrae
1027 1297 1085 1348 P.
1107 1297 1156 1348 8.
1187 1293 1222 1362 l.
1243 1296 1329 1348 29.
1357 1303 1412 1356 z,
1441 1311 1578 1347 cum
1604 1295 1912 1347 latitudine
1938 1296 1997 1347 P.
2019 1296 2104 1348 62.
2135 1293 2169 1362 l.
2191 1296 2241 1356 O,
2268 1303 2442 1361 prout
2470 1296 2690 1362 Coper-

480 1373 649 1421 nicea
669 1371 1020 1428 numerati0,
1042 1367 1127 1419 illi
1140 1368 1322 1419 Anno
1342 1367 1683 1432 suppeditat,
1706 1369 1833 1419 eius
1846 1367 2262 1419 Ascenfionem
2279 1366 2532 1429 Rec'tam,
2553 1367 2692 1420 hinc

481 1441 696 1505 colligit
716 1441 774 1492 P.
796 1440 917 1492 275.
943 1437 977 1505 Ι.
999 1440 1055 1491 5:
1085 1439 1137 1490 8(
1163 1438 1642 1491 Declinationem
1662 1438 1720 1491 P.
1740 1438 1826 1491 38.
1851 1436 1886 1504 l.
1909 1439 1982 1491 41.
2010 1439 2269 1504 Ideoque
2296 1454 2400 1504 per
2420 1439 2690 1504 supputa-

479 1516 703 1565 tionem
716 1511 1183 1576 Triangularem,
1196 1510 1611 1562 Ascenfionem
1626 1507 1865 1562 Rectam
1879 1510 2055 1575 medij
2072 1510 2223 1563 Caeli
2235 1517 2499 1576 tempore
2513 1510 2693 1563 huius

480 1587 688 1649 primae
712 1583 1169 1642 Obseruationis,
1191 1582 1330 1633 hinc
1351 1581 1638 1634 constituit
1658 1581 1716 1634 P.
1739 1581 1860 1633 344.
1884 1579 1919 1647 Ι.
1941 1581 1990 1634 6.

553 1654 785 1707 Deinde
801 1654 1048 1706 alteram
1065 1653 1554 1706 Obseruationem
1568 1652 1821 1713 instituit,
1838 1653 2079 1717 quando
2095 1653 2290 1713 Stella,
2308 1653 2499 1718 ipsum
2513 1653 2693 1705 Meri-

482 1727 729 1779 dianum
750 1741 1039 1790 occupare
1059 1724 1392 1789 putabatur,
1413 1724 1591 1789 idque
1611 1727 1674 1776 in
1694 1724 1854 1776 Altit.
1877 1725 2047 1790 Lyrae
2069 1725 2127 1777 P.
2149 1724 2234 1777 33.
2259 1722 2294 1791 l.
2313 1726 2391 1777 51:
2414 1725 2693 1789 Hincque

482 1798 677 1850 rursus
688 1797 1103 1849 Ascenfionem
1117 1794 1355 1848 Rectam
1369 1796 1545 1861 medij
1562 1795 1730 1857 Caeli,
1747 1811 1882 1847 cum
1894 1795 2073 1848 Stella
2087 1811 2468 1848 communem
2482 1799 2695 1862 reperit

482 1870 540 1921 P.
563 1869 683 1922 357.
709 1866 743 1934 Ι.
766 1870 832 1920 ll:
860 1869 916 1919 A
938 1884 1057 1932 qua
1075 1866 1362 1920 subtrae'ta
1387 1870 1583 1931 priore
1604 1867 1955 1919 Ascenfione
1977 1866 2167 1928 Recta,
2194 1868 2370 1933 medij
2397 1867 2563 1929 Caeli,
2584 1869 2693 1920 Ar-

485 1956 620 1992 cum
640 1940 997 2004 AEquatoriS,
1025 1942 1255 2003 vtrique
1277 1939 1690 1991 Obseruationi
1710 1938 2105 2003 interlapsum,
2134 1939 2385 1991 obtinuit
2403 1939 2462 1992 P.
2484 1939 2556 1992 13.
2581 1937 2616 2005 Ι.
2637 1940 2692 1992 5;

484 2012 695 2076 Sicque
716 2018 947 2076 tempus
966 2014 1195 2075 vtrique
1218 2010 1612 2062 obseruationi
1631 2008 1999 2063 interiedtum
2014 2011 2291 2063 euaderet
2305 2010 2391 2063 M.
2407 2011 2508 2066 52}
2520 2013 2695 2063 vnius

482 2082 666 2135 horae.
2442 2101 2445 2104 ¹

557 2155 625 2206 Et
644 2153 737 2205 his
759 2154 923 2214 datis,
946 2153 998 2204 8(
1019 2154 1299 2217 assumpta
1319 2152 1667 2204 Eleuatione
1688 2152 1815 2204 Poli
1836 2153 2206 2205 Embeccenfi
2220 2153 2279 2205 P.
2294 2154 2367 2206 51.
2386 2150 2420 2219 Ι.
2436 2153 2506 2205 42
2528 2153 2693 2217 (qua-

483 2226 601 2277 lem
626 2225 681 2277 se
709 2231 885 2277 antea
912 2224 1247 2277 Obseruasse
1273 2223 1468 2287 refert)
1495 2240 1599 2288 per
1624 2223 2085 2289 Triangulorum
2111 2224 2551 2289 Sphaericorum
2577 2224 2693 2277 Sci-

485 2300 721 2357 entiam,
749 2296 1205 2347 declinationem
1227 2311 1431 2347 veram
1459 2298 1610 2347 eruit
1629 2295 1687 2347 P.
1709 2296 1782 2347 61.
1807 2293 1842 2361 l.
1863 2296 1955 2348 49:
1984 2295 2036 2347 8(
2063 2296 2413 2348 Distantiam
2432 2312 2638 2348 veram
2658 2312 2695 2348 a

484 2371 697 2420 vertice
712 2370 775 2419 in
790 2367 1008 2419 circulo
1023 2367 1362 2428 altitudiniS,
1384 2367 1459 2419 ad
1475 2373 1707 2431 tempus
1720 2369 1929 2431 primae
1946 2367 2388 2419 Obseruationis
2402 2367 2460 2419 P.
2477 2367 2549 2419 12.
2568 2365 2585 2433 l
2592 2408 2603 2419 .
2618 2368 2692 2420 21.

487 2440 762 2503 Cumque
782 2454 886 2503 per
902 2438 1390 2491 Obseruationem
1403 2439 1688 2502 reperisset
1701 2438 1884 2490 visam
1904 2438 2275 2490 altitudinem
2293 2438 2529 2503 praecise
2544 2439 2602 2491 P.
2619 2439 2692 2500 13,

483 2508 769 2563 subtracta
787 2525 930 2562 vera
949 2526 986 2562 a
1004 2510 1140 2571 visa,
1169 2509 1463 2561 concludit
1482 2509 1819 2562 Parallaxin
1838 2512 1902 2561 in
1922 2510 2141 2562 circulo
2162 2510 2483 2562 altitudinis
2511 2525 2694 2574 quam

482 2585 783 2646 vtriusque
805 2581 1135 2633 differentia
1154 2584 1406 2641 metitur,
1427 2581 1583 2633 fuisse
1604 2584 1667 2632 in
1688 2581 1897 2633 eadem
1916 2584 2110 2646 prima
2125 2581 2549 2634 Obseruatione
2568 2581 2627 2633 P.
2642 2582 2692 2634 Ο.

486 2651 520 2719 l.
542 2654 633 2705 39:
662 2654 958 2717 Hancque
979 2652 1317 2705 Parallaxin
1337 2652 1411 2704 ab
1432 2652 1675 2704 vtilitate
1697 2651 1749 2703 8(
1769 2653 2090 2705 necessitate
2114 2653 2505 2713 commendat,
2534 2652 2694 2717 quod

483 2725 600 2776 fine
623 2740 709 2784 ea,
731 2724 998 2776 distantia
1013 2724 1064 2776 8(
1077 2725 1422 2789 magnitudo
1437 2723 1632 2776 Stellae
1653 2723 1859 2776 haberi
1879 2730 2193 2788 nequeant.
2216 2724 2399 2789 quue
2413 2739 2537 2776 non
2551 2727 2695 2776 citra

484 2812 625 2856 rem,
646 2795 825 2847 modo
845 2798 1060 2847 veritas
1082 2798 1145 2847 in
1164 2795 1277 2847 hac
1298 2795 1637 2847 definienda
1655 2795 1886 2847 vtilitati
1905 2795 2292 2860 responderet.

556 2867 946 2931 Quapropter,
969 2883 1105 2918 cum
1124 2867 1387 2919 viderem
1407 2866 1723 2918 Nolthium
1743 2867 1893 2919 adeo
1915 2882 2221 2918 enormem
2243 2866 2294 2918 &
2314 2865 2698 2918 monstrosam·

485 2938 622 2989 huic
644 2938 838 2990 Stellae
860 2938 1212 2999 Parallaxin,
1239 2941 1303 2990 in
1327 2945 1492 2990 tanta
1518 2941 1696 2990 etiam
1715 2937 2042 2990 Altitudine
2065 2939 2341 2990 incassum
2362 2938 2692 2999 attribuere,

486 3009 582 3060 etfi
610 3025 734 3060 non
763 3012 1114 3074 ignorarem,
1148 3010 1602 3062 Obseruationes
1631 3009 1781 3074 ipsas
1810 3012 2055 3061 minime
2084 3016 2241 3061 ratas
2268 3010 2388 3069 esse‚
2418 3024 2527 3061 nec
2554 3008 2694 3061 huic

486 3083 719 3144 negotio
739 3080 1087 3132 satisfacere:
1109 3087 1325 3142 tamen,
1348 3097 1428 3132 an
1449 3083 1627 3132 etiam
1643 3083 1706 3132 in
1719 3080 1840 3145 ipso
1857 3080 2105 3132 Calculo
2119 3082 2240 3132 vna
2253 3080 2477 3144 aliquid
2490 3080 2694 3132 lateret

485 3154 626 3215 vitij,
647 3151 976 3214 periculum
992 3151 1123 3204 feci:
1145 3152 1464 3216 praesertim
1479 3167 1614 3204 cum
1627 3154 1693 3212 is,
1716 3151 2243 3203 Demonstrationis
2257 3152 2591 3216 processum,
2612 3153 2693 3202 vti

488 3222 694 3282 decuit,
716 3226 978 3274 numeris
999 3226 1273 3284 inuentiS,
1300 3239 1424 3274 non
1445 3223 1765 3288 applicarit.
1794 3223 1864 3275 Et
1884 3226 2162 3287 quamuis
2183 3222 2504 3283 discrimen,
2533 3221 2693 3286 quod

487 3293 736 3344 alicuius
763 3293 910 3344 foret
935 3297 1239 3354 momenti,
1266 3297 1330 3345 in
1356 3310 1443 3355 ea,
1471 3310 1653 3358 quam
1679 3293 1776 3346 hic
1799 3294 2090 3358 produxit,
2117 3294 2543 3358 supputatione,
2570 3308 2694 3344 non

487 3363 918 3415 adinuenerim:
942 3365 1127 3417 Lubet
1147 3365 1536 3417 nihilominus
1551 3365 1771 3417 nostras
1786 3365 2343 3426 DemonstrationeS,
2365 3372 2542 3429 atque
2558 3363 2691 3416 Cal-

2474 3434 2691 3496 culum,

2744 1100 2787 1135 lo

2723 1236 2809 1278 755

2746 1458 2787 1492 15

2744 1814 2870 1859 20¹

2743 2172 2790 2207 25

2742 2884 2789 2919 35

2742 3238 2789 3274 40
