2976 4264
645 314 1528 369 PROGYMNASMATUM
1555 314 1869 367 TERTIA
1896 315 2101 369 PARS
2376 316 2481 370 283

271 474 453 523 quam
471 458 744 523 sequitur,
767 458 1009 511 Stellam
1027 465 1255 511 tantam
1268 458 1542 512 admifisse
1557 458 1910 520 Parallaxin‚
1931 465 1991 510 vt
2010 458 2340 512 sublunaris
2354 459 2480 512 red-

271 530 519 582 deretur.
541 529 603 583 Si
620 533 780 582 enim
792 530 1241 583 subduxerimus
1256 530 1627 583 altitudinem
1640 529 1767 582 Poli
1780 530 1854 583 ab
1868 530 1971 582 illo
1985 530 2478 596 praesuppofitam,

270 617 308 654 a
326 604 591 654 maxima
611 601 807 655 Stellae
826 601 1193 664 sublimitate,
1222 602 1436 655 euadet
1455 605 1582 654 eius
1602 618 1639 654 a
1658 601 1802 654 Polo
1824 602 2106 663 distantia,
2135 602 2376 666 quando
2398 603 2479 655 di-

269 672 421 726 16616
446 673 620 738 supra
644 689 783 725 eum
808 673 1276 735 constituebatur,
1302 674 1361 726 P.
1383 674 1468 727 28.
1492 671 1528 740 l.
1550 673 1623 725 10.
1652 673 1867 725 Rursus
1893 673 1934 724 fi
1959 676 2272 726 minimam
2294 690 2332 726 a
2354 674 2481 726 Poli

199 760 221 795 5
270 744 578 797 altitudine
598 744 1020 806 abstulerimuS,
1042 745 1271 798 refidua
1291 748 1397 798 erit
1417 745 1613 798 Stellae
1628 761 1665 798 a
1678 745 1822 797 Polo
1843 747 2110 806 remoti0,
2132 746 2373 810 quando
2393 748 2478 797 in-

269 815 359 868 fra
369 816 540 868 illum
549 816 1110 881 perpendiculariter
1121 816 1536 878 collocabatur,
1549 817 1607 869 P.
1617 817 1703 869 28.
1716 814 1733 883 Ι
1739 858 1750 869 .
1761 817 1846 869 30.
1864 816 2022 869 Cum
2032 819 2204 882 igitur
2216 817 2482 869 distantia

270 904 307 941 a
326 888 470 940 Polo
491 887 749 949 inferior,
772 888 1014 940 excedat
1032 888 1393 953 superiorem
1412 888 1783 941 solummodo
1803 888 1890 940 20.
1912 888 1998 940 M.
2020 903 2145 940 non
2163 891 2356 940 maior
2376 890 2480 941 esse

269 962 458 1025 potuit
488 959 813 1012 Parallaxis
845 966 1154 1025 aggregata
1185 960 1509 1012 altitudinis
1543 967 1666 1013 tam
1701 960 1989 1025 supremae
2029 975 2211 1024 quam
2249 962 2480 1021 citimae,

270 1047 452 1096 quam
482 1031 726 1083 totidem
756 1034 1140 1091 minutorum,
1174 1031 1233 1083 id
1266 1032 1357 1092 est,
1390 1034 1575 1084 tertiae
1603 1034 1786 1096 partis
1813 1034 1988 1083 vnius
2019 1031 2275 1084 Gradus,
2309 1032 2483 1083 Luna

179 1117 221 1153 ιο
269 1109 487 1164 autem,
518 1102 760 1168 quando
788 1102 985 1155 Terris
1013 1105 1286 1167 proxima
1316 1103 1406 1164 est,
1440 1106 1504 1155 in
1531 1104 1634 1156 tali
1663 1104 1737 1156 ab
1768 1103 2098 1155 Horizonte
2128 1102 2479 1164 eleuatione,

269 1175 607 1228 Parallaxin
633 1176 916 1228 caussatur
940 1177 1149 1240 integri
1174 1174 1405 1240 gradus,
1434 1174 1620 1227 Nulla
1644 1178 1843 1239 itaque
1870 1177 2098 1227 ratione
2123 1174 2252 1226 fieri
2274 1177 2479 1239 potuit,

268 1253 330 1300 vt
343 1246 526 1300 Stella
538 1246 668 1299 haec
682 1246 1020 1299 Parallaxin
1033 1249 1200 1299 iuxta
1214 1246 1443 1312 Buschij
1463 1246 1788 1317 Obseruata
1803 1246 2062 1298 efficiens
2083 1246 2479 1311 compositam,

268 1322 333 1372 in
356 1318 651 1384 praefinita
675 1318 982 1371 altitudine
1007 1321 1274 1379 minima,
1300 1317 1503 1371 saltem
1527 1321 1712 1370 tertiae
1738 1321 1918 1383 partis
1938 1320 2112 1370 vnius
2133 1317 2390 1379 GraduS,
2417 1320 2480 1369 in

269 1391 426 1443 Aere
447 1390 806 1443 Elementari
831 1390 985 1442 infra
1004 1390 1240 1442 Lunam
1267 1392 1536 1442 extiterit:
1564 1390 1848 1454 fiquidem
1873 1390 2017 1442 besse
2043 1392 2218 1441 vnius
2240 1389 2480 1442 Gradus

177 1477 219 1511 15
269 1462 523 1515 eandem
542 1477 758 1527 augere
778 1461 1065 1523 debuisset‚
1092 1462 1134 1513 fi
1159 1462 1348 1514 Lunae
1370 1477 1638 1514 concaua
1659 1464 1826 1513 iuxta
1846 1461 2162 1526 Copernici
2181 1460 2478 1513 mensura-

266 1537 490 1586 tionem
510 1534 757 1586 assecuta
774 1533 976 1586 fuisset:
998 1534 1068 1585 Et
1082 1533 1278 1586 adhuc
1292 1533 1441 1599 pluS‚
1456 1533 1554 1585 vbi
1569 1549 1705 1585 cum
1719 1532 2077 1585 Ptolemaica
2089 1532 2479 1597 suppositione

266 1606 535 1659 standum
554 1605 719 1658 foret.
741 1606 868 1657 Imo
885 1605 927 1657 fi
943 1605 1268 1658 Parallaxis
1287 1605 1434 1667 haec,
1455 1608 1537 1657 vti
1557 1605 1737 1666 decet,
1759 1604 2123 1670 disgregetur,
2145 1620 2282 1656 cum
2300 1619 2405 1668 per
2424 1603 2480 1655 se

267 1683 577 1743 aggregata
605 1677 658 1729 &
687 1677 1021 1742 compofita,
1053 1683 1228 1742 prout
1260 1677 1397 1738 dixi,
1432 1677 1646 1738 existat,
1679 1676 1857 1741 idque
1890 1681 2287 1741 competenter
2316 1679 2481 1728 iuxta

266 1749 422 1815 leges
439 1749 846 1802 Geometricas
868 1748 1011 1814 (qua
1031 1748 1103 1801 de
1123 1764 1186 1800 re
1208 1748 1567 1801 Clarissimus
1588 1748 1662 1800 D.
1675 1747 2015 1800 Thaddaeus
2034 1750 2098 1799 in
2117 1747 2221 1799 sua
2240 1747 2481 1799 Dialexi

172 1835 218 1870 20
266 1820 624 1886 locupletata
638 1820 862 1872 erudite
878 1820 1272 1873 &luculenter
1286 1820 1420 1886 egit)
1439 1820 1725 1872 debentur
1738 1819 1877 1871 111116
1890 1822 2171 1871 maximae
2186 1818 2481 1870 altitudini

268 1892 430 1958 quafi
443 1892 492 1945 3.
508 1893 618 1944 M.:
640 1892 900 1957 Ideoque
913 1895 1179 1944 minimae
1193 1892 1396 1944 saltem
1410 1893 1483 1945 17.
1504 1892 1701 1956 Atque
1721 1891 1852 1943 haec
1871 1891 2020 1943 foret
2038 1890 2360 1942 secundum
2379 1890 2480 1942 ista

148 1971 236 2014 770
267 1964 421 2026 data,
437 1963 633 2017 Steuae
644 1970 787 2016 vera
798 1963 851 2016 &
861 1963 1103 2029 fimplex
1116 1963 1441 2016 Parallaxis
1454 1966 1519 2015 in
1528 1963 1856 2015 Altitudine
1869 1958 1889 2031 ΙΙ
1900 1962 2074 2027 supra
2085 1963 2479 2014 Horizontem

267 2038 466 2088 citima
484 2036 543 2088 P.
558 2036 674 2091 22}.
696 2035 955 2100 Ideoque
977 2038 1201 2088 circiter
1220 2036 1312 2088 185
1326 2035 1527 2088 Terrae
1542 2035 2003 2088 Semidiametris
2023 2033 2162 2085 hinc
2182 2035 2480 2085 remoueri

266 2109 554 2160 necessum
573 2106 837 2159 haberet:
859 2107 1083 2159 nedum
1101 2113 1162 2159 vt
1180 2110 1335 2159 intra
1353 2107 1440 2167 52,
1461 2113 1637 2172 prout
1656 2107 1844 2159 Lunae
1864 2106 1969 2158 vsu
1987 2108 2164 2166 venit,
2185 2105 2357 2157 nobis
2378 2120 2477 2169 ap-

173 2197 219 2232 25
266 2182 712 2244 propinquaret:
728 2179 941 2244 Sicque
954 2179 1088 2244 plus
1104 2194 1287 2243 quam
1299 2185 1402 2240 ter,
1417 2179 1539 2244 ipsa
1553 2179 1725 2231 Luna
1738 2180 2020 2230 remotior
2032 2177 2213 2229 fieret.
2237 2176 2478 2240 Quanto

267 2253 454 2316 magis
467 2250 509 2302 fi
523 2250 718 2303 adhuc
731 2253 975 2315 propius
989 2253 1052 2302 in
1060 2251 1216 2303 Aere
1230 2250 1326 2302 vel
1339 2250 1494 2316 Ignis
1508 2248 1709 2302 fiffltio
1722 2249 2047 2310 Element0‚
2062 2248 2216 2301 infra
2227 2249 2477 2308 Lunam,

267 2328 442 2388 prout
462 2322 810 2375 existimauit
830 2321 1132 2383 BuschiuS‚
1152 2328 1441 2387 tanquam
1460 2325 1701 2387 igneum
1721 2321 2038 2373 Meteoron
2057 2318 2371 2385 flagrasset‘?

340 2394 542 2458 Quare
564 2409 637 2446 ex
655 2393 748 2446 his
767 2393 901 2446 satis
914 2393 1202 2459 superque
1216 2393 1416 2459 liquet,
1438 2409 1621 2458 quam
1635 2393 1885 2446 absurda
1899 2392 1951 2444 &
1964 2391 2170 2456 fibiipfi
2185 2393 2479 2443 contraria

269 2465 341 2518 de
361 2465 474 2518 hac
494 2465 675 2518 Stella
692 2467 1114 2530 pronunciarit,
1142 2481 1443 2530 quamque
1468 2468 1932 2529 incompetenter
1953 2463 2113 2514 sedes
2132 2462 2477 2514 sublunares

174 2555 221 2590 30
270 2537 356 2588 illi
379 2536 718 2589 attribuerit.
747 2537 926 2601 Quod
952 2537 1228 2601 equidem
1253 2552 1378 2588 non
1403 2536 1623 2596 fecisset‚
1650 2535 1691 2587 fi
1716 2537 1984 2599 proprias
2006 2533 2477 2593 obseruationes,

268 2615 328 2660 vt
340 2614 401 2659 vt
413 2608 546 2660 satis
560 2614 880 2669 accurataS,
902 2610 1262 2668 examinare,
1284 2614 1460 2671 atque
1474 2610 1538 2658 in
1550 2606 1733 2667 vsum,
1754 2611 1928 2671 prout
1941 2605 2151 2666 decuit,
2172 2604 2477 2666 deducere,

269 2678 556 2731 calluisset.
578 2679 692 2731 Sed
705 2679 883 2744 vulgo
903 2686 1137 2744 recepta
1157 2679 1228 2731 de
1244 2679 1507 2731 Cometis
1528 2680 1732 2742 opinio
1752 2677 1939 2742 ipsum
1960 2675 2074 2738 1116,
2094 2683 2155 2728 vt
2170 2675 2223 2727 &
2236 2675 2479 2728 Stellam

268 2750 441 2811 hanc,
475 2750 789 2803 Cometam
819 2750 976 2802 fuisse
1009 2749 1282 2810 crederet,
1316 2751 1658 2802 occaecauit:
1691 2749 1851 2801 velut
1884 2747 1936 2800 81
1966 2747 2167 2800 multis
2199 2747 2330 2813 alijs
2363 2746 2477 2800 hoc

269 2821 520 2874 Buschio
540 2821 713 2886 longe
735 2821 1166 2882 eruditioribuS‚
1189 2823 1440 2886 contigit.

173 2912 220 2947 35
340 2893 402 2946 Si
420 2895 593 2958 igitur
613 2908 686 2944 ex
705 2892 798 2944 his
816 2892 992 2957 ipfius
1008 2892 1531 2945 Obseruationibus
1550 2891 1671 2944 lato
1691 2891 1871 2943 modo
1887 2891 1939 2943 &
1952 2906 2058 2955 per
2074 2890 2476 2951 Instrumenta,

267 2967 350 3017 vti
375 2970 634 3029 apparet,
661 2963 914 3029 puerilia
940 2963 1110 3027 (alias
1138 2966 1299 3015 enim
1323 2963 1587 3016 subtilius
1607 2979 1790 3027 quam
1808 2965 1872 3014 in
1892 2962 2058 3014 denis
2079 2962 2331 3013 Minutis
2352 2961 2476 3013 alti-

267 3036 501 3088 tudines
514 3038 761 3088 rimatus
774 3034 975 3098 fuisset)
995 3034 1346 3099 conquisitis,
1367 3034 1690 3087 Parallaxis
1706 3040 1870 3087 tanta
1886 3050 2010 3085 non
2026 3036 2263 3093 eruitur,
2278 3038 2338 3084 vt
2350 3031 2476 3084 sub-

267 3107 494 3160 lunaris
513 3106 617 3159 fiat
635 3106 766 3159 haec
781 3106 982 3159 Stella:
1004 3112 1228 3171 quanto
1247 3109 1448 3158 minus
1461 3106 1502 3158 fi
1515 3122 1642 3158 rem
1663 3121 1904 3158 omnem
1924 3105 2118 3157 debita
2136 3103 2475 3168 praecifione

270 3179 322 3232 &
342 3179 641 3243 diligentia
662 3184 941 3230 executus
960 3176 1176 3230 fuisseti'

174 3268 220 3302 40
340 3250 410 3302 Et
428 3250 470 3301 fi
488 3249 599 3302 has
619 3249 770 3315 ipsas
790 3249 1049 3301 eiusdem
1063 3249 1471 3301 denotationes
1484 3248 1754 3310 limitare,
1774 3254 1948 3313 prout
1963 3262 2114 3312 opus
2126 3246 2372 3306 videtur,
2394 3252 2475 3298 at-

268 3323 710 3382 tentauerimuS,
730 3321 967 3386 septena
985 3320 1187 3373 saltem
1206 3323 1440 3372 minuta
1457 3322 1521 3372 in
1539 3322 1804 3372 maxima
1825 3322 1951 3371 eius
1968 3317 2274 3370 altitudine
2292 3316 2475 3369 abun-

269 3392 508 3452 dabunt,
531 3391 583 3444 8(
602 3395 666 3444 111
684 3395 934 3444 minima
952 3391 1196 3444 totidem
1213 3391 1707 3444 defiderabuntur.
1730 3390 1907 3454 Quod
1922 3389 2092 3442 facile
2107 3388 2475 3440 Instrumenti

411 3474 480 3509 36⁸
1990 3460 2043 3512 &
2063 3459 2475 3513 collimationis
