2976 4264
480 299 584 352 298
985 294 1593 348 ASTRONOMIAE
1620 281 2184 348 INSTAURATAE

482 441 693 493 Ortum
713 438 1145 502 disponebatur:
1167 452 1290 488 non
1311 436 1471 500 quod
1491 436 1704 500 aliquis
1723 436 1786 488 s1t
1805 440 1868 488 in
1886 436 2070 489 Terra
2089 436 2270 497 locuS,
2291 436 2446 487 vnde
2468 435 2682 488 Oriens

479 527 582 575 per
609 510 681 570 se,
712 509 933 572 absque
963 506 1220 571 respedtu
1249 507 1505 559 aliorum
1531 507 1950 565 Horizontum.
1980 506 2338 572 praedefiniri
2365 513 2557 571 queat.
2588 506 2681 559 Sic

479 596 671 645 neque
691 579 874 631 Terra
898 579 1000 630 sub
1020 578 1193 639 Polis,
1220 578 1320 630 seu
1339 575 1573 630 Ardtico
1593 578 1694 630 seu
1713 577 2050 632 Antarctico
2073 578 2256 630 finem
2275 577 2462 630 vllum
2487 577 2680 638 habet,

479 663 613 703 cum
633 651 712 702 ibi
733 666 903 714 aeque
921 650 1177 701 rotunda
1188 649 1267 710 fit,
1289 655 1466 714 atque
1481 649 1621 701 alibi
1634 665 1739 714 per
1751 656 1936 702 totam
1951 649 2496 702 circumferentiam.
2518 648 2682 712 Quin

479 723 530 774 8(
551 721 729 774 Stella
750 721 880 773 haec
901 721 970 773 28
991 720 1174 773 Grad.
1195 723 1463 785 proxime
1489 735 1594 785 per
1619 721 2034 773 duodecimam
2059 720 2242 773 ferme
2269 720 2523 772 ambitus
2542 719 2680 771 Ter·
2730 737 2752 771 5

477 796 604 844 reni
623 799 850 858 partem
871 808 908 844 a
927 792 1071 843 Polo
1091 790 1324 844 Arc'tico
1345 792 1783 845 remouebatur:
1810 792 1852 844 fi
1876 792 2009 844 loca
2027 791 2244 853 Terrae,
2267 791 2479 856 quibus
2498 791 2682 843 Verti-

478 864 618 916 calis
639 866 837 924 extitit,
859 863 934 915 ad
954 861 1238 928 punctum
1257 862 1361 928 ipfi
1379 862 1523 914 Polo
1543 862 1899 928 suppofitum
1919 863 2108 916 debite
2130 862 2521 915 conferantur.
2543 857 2564 930 ΙΙ

548 936 690 986 Non
708 941 909 986 tamen
928 936 1210 999 negarim,
1238 934 1398 998 quod
1423 933 1553 986 haec
1574 934 1754 987 Stella
1773 935 1997 999 aliquid
2016 937 2216 999 magni
2237 933 2290 985 8(
2308 936 2455 985 noui
2473 932 2681 999 fignifi-
2714 942 2801 985 785

477 1009 639 1059 carit:
661 1006 761 1057 An
781 1012 981 1058 autem
1001 1005 1219 1057 Mundi
1240 1005 1551 1067 excidium,
1573 1008 1706 1070 quis
1727 1006 1925 1070 quaeso
1946 1005 2117 1058 nobis
2137 1002 2439 1069 expediet?

546 1078 727 1129 Porro
750 1077 1048 1138 existimat,
1069 1076 1299 1128 nullam
1316 1077 1668 1129 eiuscemodi
1683 1077 1925 1129 Stellam
1938 1083 2115 1129 antea
2127 1076 2284 1128 fuisse
2299 1073 2680 1141 conspectam,
2735 1092 2777 1127 ιο

477 1165 549 1200 ex
570 1148 840 1213 Historijs
859 1148 1097 1212 probari
1116 1149 1288 1212 posse:
1312 1148 1490 1212 idque
1510 1148 1595 1199 illi
1614 1148 1785 1200 facile
1807 1149 2190 1200 concesserim.
2212 1148 2293 1199 At
2312 1146 2472 1212 quod
2491 1146 2682 1198 Plinio

476 1222 781 1285 quippiam
801 1219 1055 1284 derogat,
1075 1220 1173 1271 vbi
1187 1219 1621 1284 Hipparchum,
1643 1220 1888 1272 Nouam
1906 1219 2010 1271 suo
2031 1234 2167 1271 aeuo
2182 1217 2525 1283 conspexisse
2540 1217 2681 1270 Stel-

475 1292 596 1344 lam
621 1291 809 1350 refert,
840 1306 964 1342 non
990 1290 1444 1355 approbandum
1470 1290 1692 1343 censeo.
1725 1291 2023 1355 Quorsum
2049 1293 2209 1342 enim
2235 1289 2458 1341 Plinius
2482 1289 2585 1341 ista
2610 1289 2682 1341 de

474 1369 638 1414 tanto
658 1361 899 1414 Artifice
919 1361 1175 1422 finxisset,
1202 1362 1308 1413 nifi
1326 1361 1443 1414 tale
1464 1362 1606 1426 quid
1625 1365 1688 1414 in
1709 1365 1835 1415 eius
1856 1361 2094 1427 Scriptis
2122 1361 2203 1426 (vt
2229 1367 2352 1413 erat
2377 1360 2682 1412 indefessus

474 1440 1001 1485 monumentorum
1032 1439 1299 1485 veterum
1330 1432 1723 1498 perlustrator)
1756 1434 1978 1499 legisset.
2013 1433 2141 1485 Nec
2174 1435 2352 1485 etiam
2385 1448 2457 1484 ea
2486 1431 2680 1492 Stella,
2735 1449 2778 1483 15

476 1507 642 1557 cuius
674 1504 897 1556 Plinius
928 1507 1213 1565 meminit,
1253 1520 1389 1556 cum
1420 1504 1532 1557 hac
1563 1520 1668 1569 per
1700 1508 1905 1557 omnia
1936 1503 2343 1556 conueniebat.
2383 1502 2491 1555 Illa
2523 1505 2683 1555 enim

474 1575 708 1628 mobilis
735 1575 860 1636 fuit,
890 1575 1020 1628 haec
1049 1582 1249 1628 autem
1277 1579 1524 1628 immota
1552 1583 1837 1641 perpetuo
1867 1575 2125 1628 constitit.
2160 1575 2274 1628 Sed
2303 1574 2500 1627 defino
2530 1577 2683 1626 circa

474 1650 922 1700 vaticinationes
937 1647 989 1699 8(
1004 1650 1376 1712 opinationes
1391 1647 1555 1700 Rosae
1570 1647 1766 1709 huiuS,
1782 1653 2121 1700 accuratam
2136 1646 2188 1698 8(
2201 1645 2457 1698 debitam
2469 1645 2681 1705 Stellae,

476 1734 594 1783 quo
627 1718 703 1771 ad
734 1718 866 1771 suas
898 1721 1273 1783 apparentias
1302 1726 1478 1783 atque
1509 1718 1778 1781 Decreta,
1811 1718 2336 1771 considerationem
2363 1732 2488 1769 non
2516 1716 2681 1769 redo-

474 1790 676 1851 lenteS,
696 1789 962 1855 pluribus
982 1793 1303 1842 immorari.
2731 1804 2778 1839 20

546 1862 806 1913 Fuerunt
836 1877 1074 1925 quoque
1101 1861 1153 1913 8(
1179 1861 1297 1926 alij,
1328 1864 1430 1926 qui
1460 1861 1702 1914 Stellam
1731 1861 1886 1914 hanc
1914 1877 2022 1926 pro
2049 1860 2301 1913 Cometa
2328 1859 2680 1919 habuerunt,

476 1939 652 1996 atque
678 1932 764 1983 illi
789 1932 949 1984 sedes
974 1932 1318 1984 sublunares
1344 1935 1407 1984 in
1426 1933 1583 1984 Aere
1611 1933 1970 1985 Elementari
1996 1935 2138 1984 citra
2163 1931 2345 1984 vllam
2372 1933 2680 1991 rationem,

476 2010 577 2055 aut
592 2003 1080 2056 obseruationem
1099 2010 1289 2056 ratam
1309 2004 1717 2056 attribuerunt:
1739 2004 1890 2056 adeo
1910 2011 1970 2056 vt
1990 2003 2235 2068 quidam
2248 2003 2321 2064 19,
2343 2002 2587 2067 quidam
2600 2002 2679 2054 15:

476 2075 603 2126 Imo
623 2077 995 2139 reperiuntur
1015 2077 1209 2135 etiam,
1237 2077 1340 2139 qui
1358 2074 1561 2127 saltem
1581 2075 1639 2126 12
1658 2074 1857 2127 Terrae
1879 2074 2094 2127 Semid.
2116 2074 2353 2126 distitisse
2373 2073 2679 2138 putabant:

475 2146 817 2211 Ignorantes
849 2146 1008 2210 quod
1040 2149 1103 2197 in
1135 2149 1462 2198 remotione
1494 2147 1566 2198 19.
1598 2146 1812 2199 Semid.
1845 2146 2183 2199 Parallaxin
2214 2145 2397 2197 ferme
2429 2145 2462 2196 3
2496 2143 2679 2197 Grad.
2730 2162 2776 2196 2⁵

476 2217 715 2281 quando
737 2217 1053 2269 Horizonti
1073 2220 1268 2269 vicina
1286 2217 1410 2278 fuit,
1436 2216 1794 2270 exhibuisset:
1817 2217 1869 2269 8(
1890 2218 1946 2270 15
1967 2217 2180 2270 Semid.
2204 2216 2455 2269 eandem
2475 2216 2524 2268 4.
2545 2215 2679 2267 Par-

474 2291 644 2349 tium;
671 2291 734 2340 in
761 2288 1050 2340 duodenis
1076 2304 1218 2340 vero
1244 2288 1426 2340 ferme
1454 2291 1775 2353 quinorum
1799 2289 2131 2349 Graduum,
2157 2287 2497 2340 infinuasset.
2526 2286 2680 2350 Quae

473 2359 610 2411 sane
636 2375 740 2424 per
759 2359 1097 2411 Parallaxin
1122 2360 1236 2411 loci
1259 2362 1507 2412 mutatio
1529 2360 1581 2411 8(
1601 2360 1918 2421 diuerfitas‚
1944 2359 2078 2412 solis
2105 2358 2291 2411 oculis
2317 2357 2540 2423 absque
2559 2357 2680 2410 vllo

475 2430 877 2492 InstrumentO,
900 2433 1077 2482 etiam
1097 2431 1171 2483 ab
1191 2432 1350 2483 Artis
1371 2431 1550 2483 huius
1569 2434 1788 2496 ignaris
1809 2431 2063 2497 dignosci
2082 2431 2358 2495 potuisset.

548 2501 711 2565 Quin
731 2502 783 2553 8(
805 2502 1047 2566 quidam
1067 2502 1381 2567 impudens
1400 2502 1575 2567 supra
1593 2502 1842 2554 modum
1861 2502 2152 2567 impostor,
2181 2504 2307 2553 eius
2330 2501 2680 2566 magnitudi-
2734 2516 2781 2552 30

475 2588 614 2624 nem
646 2576 801 2625 intra
831 2573 937 2626 750
967 2573 1224 2626 miliaria
1256 2573 1658 2639 constringere,
1692 2590 1817 2626 non
1849 2574 2096 2634 erubuit,
2130 2572 2407 2639 apudque
2440 2571 2682 2625 Stellam

477 2647 732 2708 primam
757 2647 820 2696 in
847 2644 1000 2696 collo
1023 2645 1341 2709 Cassiopeae
1363 2652 1645 2706 exortam,
1672 2646 1810 2698 inde
1831 2645 1906 2697 ad
1926 2644 2247 2697 humerum
2267 2647 2394 2696 eius
2415 2644 2685 2695 dextrum

477 2716 806 2779 processisse:
840 2716 1037 2780 Atque
1069 2718 1220 2768 inter
1251 2716 1568 2769 secundam
1599 2716 1651 2768 8(
1679 2717 1736 2768 21
1767 2719 1894 2769 eius
1923 2716 2165 2769 Stellam
2196 2714 2511 2767 interuallo
2542 2720 2683 2766 tem-

476 2789 636 2850 poris
656 2786 724 2838 53
747 2787 976 2838 dierum
994 2787 1289 2840 confecisse
1311 2788 1383 2840 19.
1399 2785 1434 2854 l.
1447 2789 1496 2840 6.
1512 2785 1571 2854 ΙΙ.
1584 2788 1621 2839 l.
1637 2785 1719 2854 ΙΙΙ.
1737 2794 2106 2839 commentus
2122 2786 2211 2839 est.
2235 2786 2289 2839 O
2301 2786 2684 2838 Vanissimum

476 2864 823 2922 nugatorem
853 2858 905 2909 8(
933 2858 1312 2910 futilissimum
1341 2859 1766 2924 Scrupulorum
1797 2858 2233 2919 subtiliatorem,
2268 2860 2370 2922 qui
2403 2856 2682 2921 quemad·
2733 2873 2778 2907 35

475 2928 719 2980 modum
740 2932 991 2981 incautis
1010 2929 1111 2982 sub
1132 2937 1420 2995 praetextu
1440 2931 1759 2982 Medicinae
1780 2936 1957 2995 atque
1980 2928 2270 2995 Chymiae,
2292 2928 2682 2992 aliarumque,

478 3015 625 3063 quas
657 2998 923 3062 iactabat,
956 3001 1193 3053 Artium
1226 3001 1278 3052 8(
1310 3002 1675 3066 Linguarum
1714 3001 1992 3066 (quarum
2023 3007 2224 3053 tamen
2255 2999 2489 3063 prorsus
2521 2999 2683 3051 rudis

478 3070 622 3133 erat)
643 3073 965 3135 imponere,
988 3078 1164 3136 atque
1186 3087 1287 3124 eos
1307 3075 1561 3137 pecunia
1582 3088 1916 3137 emungere,
1943 3087 2068 3123 non
2087 3071 2286 3136 probri
2305 3070 2437 3122 loco
2458 3069 2681 3130 habuit,

478 3144 717 3206 egregie,
733 3142 774 3192 fi
789 3145 919 3206 quis
933 3142 1102 3204 aliuS,
1117 3146 1317 3195 tritum
1331 3143 1478 3196 illud
1493 3143 1728 3204 callem,
1744 3143 2075 3207 assidueque
2091 3157 2390 3194 exercens:
2405 3141 2684 3193 Mundus

479 3212 613 3263 uult
631 3211 856 3279 decipi:
876 3213 968 3265 Sic
989 3230 1228 3279 quoque
1244 3214 1586 3267 Caelestibus
1605 3215 1869 3276 illudere,
1892 3220 2068 3279 atque
2090 3229 2161 3265 ea
2180 3213 2295 3265 suis
2312 3212 2616 3264 fraudibus
2631 3210 2683 3262 8(
2731 3227 2779 3262 40

477 3283 816 3347 mendacijS,
851 3291 1143 3347 quantum
1172 3288 1234 3336 in
1265 3286 1387 3350 ipso
1418 3292 1557 3347 erat,
1591 3285 1991 3350 conspurcare,
2025 3300 2148 3337 non
2177 3283 2498 3336 abhorruit.
2533 3282 2683 3346 Quis

478 3355 637 3403 enim
658 3353 897 3406 Stellam
918 3354 1072 3407 hanc
1094 3356 1337 3408 Nouam
1357 3359 1522 3409 iuxta
1544 3356 1786 3409 Collum
1808 3357 2144 3420 Cassiopeae,
2170 3371 2207 3407 a
2231 3370 2350 3419 quo
2371 3354 2681 3476 denisi-{ra-

2546 3440 2566 3475 1
2608 3438 2679 3475 us
