2976 4264
469 362 539 415 58
972 354 1582 410 ASTRONOMIAE
1609 351 2175 405 INSTAURATAE

470 504 769 555 Ducatum
788 496 1396 562 Wirtembergensem‚
1424 495 1476 547 8(
1500 495 1786 560 quidnam
1806 493 1924 546 illic
1945 497 2008 545 in
2029 494 2330 559 Oppidulo
2351 495 2675 561 Bachnang

468 581 606 626 tunc
625 573 860 625 latitans
881 568 1270 629 MaesthlinuS‚
1292 570 1446 619 circa
1465 566 1718 619 eandem
1737 565 2052 618 meditatus
2071 565 2151 627 fit,
2172 566 2592 631 dignoscemuS.

566 712 684 784 M.
717 706 1252 782 MICHAEL
1284 703 2063 779 MAESTHLINVS
2093 704 2579 779 GAEPPIN-

1393 812 1744 874 GENSIS.

470 914 763 1038 EXILE
786 912 1026 977 quidem
1045 911 1320 975 scriptum
1338 910 1519 962 modo
1539 909 1683 962 folia
1698 909 1750 961 8(
1763 909 1952 962 lineas
1971 909 2344 962 solummodo
2363 907 2595 976 specteS,
2617 917 2676 963 at

599 985 640 1036 fi
661 1001 732 1037 ea
752 1000 886 1049 quae
908 986 1166 1035 continet
1185 984 1388 1046 reique
1408 981 1643 1046 pondus
1664 981 2007 1042 confidereS‚
2027 981 2336 1046 plaeril'que
2350 981 2538 1034 multo
2552 997 2675 1035 ma-

465 1057 687 1108 ioribus
716 1054 972 1120 amplius
1001 1060 1177 1118 atque
1209 1053 1465 1114 solidiuS,
1499 1052 1571 1105 de
1600 1052 1713 1105 hac
1743 1052 1923 1105 Stella
1950 1055 2014 1104 in
2041 1053 2347 1117 publicum
2376 1053 2558 1105 emifit
2588 1053 2674 1106 M.

466 1127 843 1179 MICHAEL
869 1123 1429 1185 MAESTHLINVS,
1458 1139 1529 1176 eo
1555 1130 1820 1188 tempore
1846 1126 1910 1175 in
1937 1124 2173 1189 Oppido
2201 1123 2464 1189 quodam
2489 1124 2676 1177 Bach-

465 1214 623 1263 nang
650 1195 801 1250 dicto
822 1196 1139 1258 ParochuS,
1165 1196 1363 1261 postea
1381 1198 1445 1247 in
1463 1195 1812 1248 Acadaemia
1831 1195 2327 1261 Heidelbergenfi,
2354 1211 2515 1248 nunc
2533 1211 2677 1248 vero

464 1268 816 1334 Tubingenfi
837 1268 1277 1320 Mathematum
1296 1266 1589 1319 Professor.
1618 1267 1778 1319 Licet
1803 1273 2004 1319 autem
2029 1269 2093 1319 in
2119 1266 2470 1319 denotandis
2496 1266 2677 1320 huius

465 1341 660 1393 Stellae
671 1340 1089 1392 Phaenomenis
1102 1338 1270 1391 nulla
1283 1337 1617 1391 adhibuerit
1628 1338 2030 1401 Instrumenta,
2041 1345 2239 1404 vtpote
2253 1338 2368 1390 illis
2381 1345 2520 1391 tunc
2533 1345 2676 1391 tem-

2730 1283 2773 1319 10

463 1415 621 1476 poris
641 1412 787 1463 forte
809 1411 1122 1472 destitutuS‚
1143 1410 1320 1462 solius
1339 1416 1541 1462 tamen
1555 1409 1665 1461 Fili
1679 1425 1791 1475 ope
1805 1412 1868 1462 in
1882 1405 2303 1479 deme-sstiendo
2325 1412 2452 1462 eius
2471 1410 2603 1463 loco
2624 1410 2677 1462 8(
2708 1418 2796 1462 544

463 1483 840 1535 Parallaxeos
873 1485 1149 1543 carentia,
1185 1488 1308 1534 tam
1339 1497 1523 1546 prope
1555 1481 1632 1534 ad
1662 1484 1922 1534 veritatis
1954 1481 2195 1547 scopum
2227 1481 2583 1544 collineauit,
2615 1488 2676 1534 vt

461 1554 630 1606 multi
660 1570 884 1616 eorum,
919 1556 1022 1619 qui
1051 1553 1452 1605 Instrumentis
1484 1552 1678 1605 nescio
1711 1553 1924 1618 quibus
1953 1553 2034 1605 vfi
2065 1553 2299 1619 longius
2328 1552 2402 1605 ab
2434 1551 2549 1606 hoc
2578 1553 2674 1605 de-

461 1626 747 1678 flexerint.
776 1626 937 1690 Quia
954 1641 1098 1677 vero
1124 1624 1398 1689 seriptum
1424 1624 1571 1676 illud
1597 1624 1673 1676 est
1697 1627 1916 1689 pariter
1936 1624 2233 1677 eruditum
2260 1624 2312 1676 8(
2337 1624 2674 1686 neruosum‚

461 1697 607 1749 illud
626 1703 816 1749 totum
835 1696 932 1750 hic
953 1711 1254 1762 apponere
1274 1695 1450 1748 lubet.
1479 1696 1693 1761 Neque
1714 1699 1875 1748 enim
1893 1711 1998 1761 per
2016 1695 2072 1748 l'e
2093 1696 2244 1749 adeo
2263 1696 2563 1762 prolixum
2583 1695 2673 1749 est.

508 1842 1260 1904 DEMONSTRATIO
1288 1841 1985 1903 ASTRONOMICA
2014 1842 2234 1903 LOCI
2264 1841 2636 1903 STELLAE

631 1934 889 1996 NOVAE,
916 1934 1092 1986 TVM
1120 1933 1516 1987 RESPECTV
1544 1932 1836 1986 CENTRI
1862 1933 2157 1995 MVNDI,
2183 1933 2360 1986 TVM
2387 1934 2508 1986 RE—

822 2017 1118 2070 SPECTV
1144 2016 1538 2070 SIGNIFERI
1565 2016 1618 2068 8(
1642 2016 2317 2081 AEQUINOCTIALIS.

652 2104 1054 2149 CONSCRIPTA
1073 2104 1119 2147 A
1140 2104 1211 2148 Μ.
1236 2103 1585 2146 MICHAELE
1607 2103 1984 2147 MAESTLINO
2006 2103 2488 2148 GAEPPINGENSI.

564 2182 709 2225 NNO
731 2181 982 2237 superiori
1000 2181 1128 2234 1572,
1146 2181 1320 2236 prima
1335 2181 1527 2225 Mensis
1541 2180 1861 2225 Nouembris
1875 2181 2234 2235 hebdomada,
2254 2182 2409 2226 Noua
2424 2182 2675 2237 quaedam

600 2242 759 2285 Stella
778 2242 831 2284 in
851 2241 993 2285 sedili
1014 2240 1313 2296 Caffiopeae,
1341 2240 1638 2296 marginem
1658 2240 1898 2285 Galaxiae
1919 2241 2194 2297 attingens,
2220 2253 2480 2297 apparere
2500 2241 2674 2297 caepst,

464 2313 585 2355 quae
612 2301 900 2356 splendoris
927 2300 1182 2353 claritate,
1211 2301 1252 2343 8(
1278 2300 1637 2355 magnitudine
1662 2300 1905 2344 inusitata
1925 2301 1966 2344 8(
1988 2301 2305 2345 admiranda
2328 2302 2397 2345 ad
2420 2313 2676 2356 apparen-

461 2361 593 2403 tiam
613 2372 721 2404 non
741 2361 905 2404 modo
926 2360 1155 2415 Syrium,
1184 2360 1430 2403 Fixarum
1451 2360 1668 2403 Stellam
1692 2360 2006 2413 maximam,
2034 2372 2223 2404 uerum
2244 2361 2406 2404 etiam
2427 2361 2613 2405 Iouem
2633 2361 2675 2405 8(

464 2420 633 2463 ferme
652 2420 917 2463 Venerem
941 2420 1156 2463 uincere
1175 2419 1285 2462 uisa
1306 2419 1391 2463 est.
1421 2419 1567 2463 Coelo
1588 2419 1731 2463 enim
1752 2420 1951 2473 sereno,
1979 2420 2238 2464 mediocri
2262 2420 2401 2464 uisus
2428 2420 2675 2465 acumine

464 2479 677 2531 ualenti,
701 2480 888 2534 quauis
909 2479 1059 2523 Hora
1079 2479 1195 2522 Diei
1216 2479 1447 2534 conspici
1464 2478 1649 2534 potuit.
1671 2479 1962 2534 Splendore
1982 2479 2215 2535 fulgebat
2234 2480 2472 2533 corusco,
2494 2481 2675 2524 colore

465 2539 677 2582 lucebat
697 2538 975 2591 albicante,
998 2538 1112 2582 Ioui
1129 2539 1170 2581 8(
1183 2538 1377 2582 Veneri
1396 2538 1542 2581 haud
1562 2538 1797 2591 dissimili‚
1821 2551 1982 2594 quem
2000 2542 2183 2583 tamen
2198 2540 2375 2583 Mense
2390 2539 2675 2584 Decembri

465 2598 517 2640 in
542 2598 857 2641 flammeum
884 2598 971 2642 seu
997 2609 1268 2650 croceum,
1297 2609 1427 2642 mox
1451 2597 1506 2640 in
1532 2598 1888 2653 sanguineum,
1915 2599 2028 2654 post
2047 2599 2101 2642 in
2120 2599 2283 2642 alium
2312 2602 2472 2654 atque
2493 2599 2672 2652 alium,

466 2658 686 2700 demum
715 2657 859 2701 cirea
888 2658 1051 2701 finem
1079 2657 1344 2712 Februarij
1375 2657 1429 2699 in
1456 2656 1744 2712 pristinum,
1778 2670 1887 2702 non
1918 2670 2109 2714 parum
2142 2661 2432 2714 apparente
2462 2670 2675 2714 quoque

465 2717 824 2771 magnitudine
845 2717 1117 2769 diminuta,
1139 2719 1452 2761 conuertere
1473 2716 1842 2761 animaduersa
1863 2718 1949 2762 est.

536 2776 698 2818 Varia
726 2777 791 2819 de
818 2787 882 2819 ea
907 2788 1015 2819 non
1043 2776 1412 2820 illiteratorum
1443 2776 1623 2819 audita
1653 2777 1768 2820 sunt
1795 2777 2007 2830 iudicia,
2035 2778 2077 2821 8(
2104 2777 2394 2833 opiniones.
2424 2778 2520 2834 Alij
2552 2790 2675 2822 eam

466 2836 765 2878 naturalem
785 2836 826 2878 8(
846 2846 1150 2890 perennem,
1172 2847 1279 2879 non
1297 2836 1507 2879 Nouam
1523 2835 1622 2879 esse
1637 2837 2026 2881 concedebant:
2049 2837 2150 2889 Qui
2166 2848 2356 2881 uerum
2370 2838 2406 2880 fi
2421 2837 2673 2889 dicerent,

466 2894 631 2938 miror
647 2907 751 2949 qua
766 2894 1055 2947 oscitantia,
1076 2895 1161 2938 uel
1183 2894 1481 2939 curiositate
1501 2895 1692 2950 potius,
1717 2896 2071 2952 Hipparchus,
2092 2898 2424 2950 Ptolemaeus,
2445 2896 2676 2952 Alphon-

467 2954 566 3006 sus,
594 2954 635 2997 8(
660 2954 835 2998 nostro
856 2954 1045 2998 Seculo
1068 2954 1389 3008 Copernicus
1416 2966 1538 2998 cum
1568 2955 1698 3010 alijs,
1726 2956 1866 3000 hanc
1894 2956 2135 3000 omnium
2156 2956 2437 2999 Stellarum
2460 2956 2676 3011 splendi-

466 3013 724 3056 dissimam
753 3013 1118 3068 praeterierint,
1154 3013 1242 3067 qui
1269 3016 1451 3056 tamen
1480 3014 1532 3056 in
1562 3014 1930 3059 obscurissimis
1959 3015 2104 3059 haud
2133 3016 2319 3071 procul
2348 3015 2470 3059 inde
2500 3015 2674 3059 dissitis

466 3072 593 3115 sexti
620 3072 817 3116 ordinis
844 3072 1067 3116 Stellulis
1092 3072 1340 3116 notandis
1370 3073 1616 3128 occupati
1646 3074 1886 3118 fuerunt?
1913 3075 1983 3118 Vt
2010 3075 2220 3119 interim
2248 3074 2546 3119 nostrarum
2573 3074 2675 3118 Ob-

466 3132 823 3175 seruationum
848 3132 1048 3175 mentio
1075 3143 1182 3175 non
1207 3131 1317 3183 fiat,
1347 3132 1535 3186 quibus
1556 3136 1678 3177 ante
1699 3133 1988 3178 Otstobrem
2007 3135 2144 3178 Anni
2167 3134 2296 3187 1572,
2322 3134 2442 3178 uisis
2465 3134 2674 3178 caeteris

466 3190 626 3233 etiam
647 3191 894 3243 minimis,
915 3191 1035 3234 haec
1057 3191 1165 3235 sola
1184 3203 1458 3245 nunquam
1479 3192 1758 3247 conspecta
1773 3194 1858 3237 est.
1881 3193 1977 3250 Alij
1993 3205 2124 3237 uero
2139 3206 2262 3238 eam
2277 3194 2375 3238 esse
2391 3194 2551 3249 Lyrae
2564 3193 2675 3236 fidi-

467 3251 660 3302 culam,
687 3250 783 3305 Alij
808 3250 1066 3306 Heniochj
1089 3251 1368 3304 capellam,
1395 3250 1490 3306 Alij
1515 3251 1690 3296 Bootis
1713 3252 2005 3297 arcturum:
2033 3253 2130 3309 Alij
2160 3256 2340 3297 autem
2360 3252 2671 3308 Hesperum,

464 3308 559 3364 Alij
583 3309 886 3360 Saturnum,
907 3309 1004 3365 Alij
1026 3310 1200 3353 nescio
1222 3322 1384 3364 quam
1405 3310 1638 3363 Stellam,
1662 3315 1753 3355 aut
1765 3314 2037 3356 Planetam
2058 3312 2376 3356 conuincere
2395 3312 2669 3356 uolebant:

466 3368 569 3410 Sed
582 3367 652 3410 illi
666 3368 1015 3412 Astronomiae
1032 3368 1300 3412 scientiam
1321 3369 1466 3412 haud
1487 3369 1655 3424 probe
1675 3372 1927 3416 imbibisse
1946 3372 2208 3423 uidentur,
2231 3371 2485 3426 quoniam
2506 3369 2673 3415 dietas

466 3426 652 3470 Stellas
677 3427 935 3482 ignorant,
963 3439 1071 3471 non
1096 3428 1148 3471 in
1175 3428 1319 3472 sexto
1345 3429 1430 3471 uel
1459 3428 1679 3482 septimo
1707 3431 1874 3486 gradu
1895 3430 1951 3488 8
1971 3431 2117 3474 iuxta
2138 3431 2479 3486 Cassiopeam,
2507 3431 2595 3474 sed
2620 3429 2673 3473 in

2539 3491 2671 3556 alijs

2728 1640 2770 1675 15

2723 2427 2770 2462 25

2723 3020 2769 3055 35

2721 3316 2768 3351 40
