2976 4264
654 314 1534 370 PROGYMNASMATUM
1560 316 1875 370 TERTIA
1900 318 2104 371 PARS
2392 319 2483 373 165

278 461 547 520 mentari,
568 473 693 511 non
712 458 961 519 extitisse,
983 473 1055 510 ex
1075 473 1195 523 quo
1215 458 1445 511 nullam
1463 457 1744 525 Aspectus
1765 460 2156 512 diuerfitatem
2175 461 2483 523 admiserit,

280 532 375 583 cui
394 536 594 582 tamen
614 530 786 582 Luna
811 529 1135 582 admodum
1161 529 1237 582 est
1262 530 1537 583 obnoxia.
1565 531 1747 595 quue
1773 547 1897 583 non
1922 534 2385 597 incompetenter
2411 548 2483 585 ex

279 602 394 655 loci
412 601 714 654 stabilitate
734 600 1095 653 corroborat:
1123 602 1401 670 quodque
1420 602 1595 655 instar
1614 602 1978 667 reliquarum
1998 603 2279 655 Fixarum
2299 606 2362 655 in
2380 603 2485 656 sua

280 672 702 726 conuolutione
730 672 786 724 se
816 671 1161 725 exhibuerit.
1192 672 1304 724 Etfi
1332 688 1475 725 vero
1504 673 1700 726 nullas
1728 673 2182 727 obseruationes
2210 674 2482 740 proferat,

160 755 242 799 651
279 744 493 810 quibus
518 743 814 804 fundatuS,
844 742 1000 796 hanc
1026 738 1047 811 ΙΙ
1074 742 1316 796 Stellam
1342 747 1507 797 omni
1532 744 1827 797 Parallaxi
1853 745 2195 807 destitutam,
2227 746 2481 799 Geome-

277 818 418 868 trice
439 818 769 868 conuincat.
792 814 970 879 Quod
990 814 1127 867 sane
1148 814 1643 868 Mathematicum
1662 816 1871 868 decuit.
1892 816 2122 869 Tamen
2142 833 2213 869 ea
2233 833 2369 882 quae
2389 818 2483 870 vel

279 903 311 940 e
324 887 447 940 sola
461 886 703 947 oculari,
723 892 784 938 vt
799 893 960 951 put0‚
981 884 1351 951 inspectione,
1372 887 1679 953 depromit,
1700 890 1947 940 omnino
1961 890 2043 940 ita
2055 887 2111 940 se
2124 887 2481 941 habuerunt:

278 956 549 1023 recteque
570 957 879 1018 concludit,
907 956 1149 1010 Stellam
1168 957 1324 1010 hanc
1344 958 1669 1011 admodum
1688 959 1803 1012 alte
1823 962 1887 1011 in
1906 958 2188 1012 AEtherea
2208 960 2481 1025 Regione,

277 1029 438 1082 sedes
458 1029 559 1082 fibi
579 1028 853 1094 delegisse.
875 1028 1099 1080 Verum
1112 1028 1273 1093 quod
1286 1029 1424 1082 inde
1438 1029 1607 1082 fimul
1619 1031 1897 1083 inducere
1911 1037 2109 1092 tentat,
2131 1031 2337 1083 caudae
2356 1034 2483 1083 eius

187 1119 230 1155 10
279 1100 732 1153 delitescentiam
758 1115 882 1151 non
908 1100 1246 1164 apparuisse,
1272 1100 1574 1165 plaufibile
1599 1102 1839 1166 quidem
1857 1102 2103 1162 videtur,
2131 1108 2190 1154 at
2214 1103 2484 1155 nondum

278 1172 412 1225 satis
433 1171 896 1237 comprobatum.
924 1170 985 1223 Si
1005 1173 1166 1222 enim
1184 1171 1305 1224 vlla
1325 1173 1531 1233 cauda,
1558 1172 1697 1225 huic
1718 1172 1912 1225 Steuae
1933 1172 2260 1234 adhaefisset,
2284 1176 2483 1239 vtique

279 1243 353 1296 ab
379 1245 564 1303 initio,
591 1241 832 1307 quando
858 1247 1021 1294 tanto
1049 1257 1309 1306 corpore,
1335 1250 1576 1308 tamque
1600 1244 1903 1296 euidenter
1922 1244 2108 1296 oculis
2127 1244 2241 1297 sese
2261 1247 2482 1310 ingere-

278 1314 393 1376 bat,
414 1313 673 1379 aliquale
688 1315 942 1384 crinium
954 1312 1196 1365 illorum
1208 1314 1524 1379 vestigium,
1538 1317 1658 1367 vna
1672 1313 2042 1380 conspectum
2054 1314 2248 1368 fuisset.
2270 1316 2483 1381 Neque

280 1388 441 1439 enim
451 1385 553 1438 Sol
565 1384 744 1437 huius
759 1383 1001 1450 defluuij
1020 1384 1243 1437 occafio
1259 1385 1519 1447 existens,
1534 1386 1619 1438 illi
1630 1386 2048 1439 diametraliter
2058 1387 2481 1452 opponebatur,

187 1475 229 1511 15
278 1473 398 1522 quo
423 1459 622 1509 minus
649 1455 855 1516 cauda,
882 1455 924 1507 fi
950 1471 1132 1520 quam
1160 1455 1454 1518 habuisset‚
1486 1457 1729 1509 discerni
1757 1459 2032 1523 potuisset,
2063 1474 2200 1510 cum
2228 1458 2331 1511 illa
2358 1474 2482 1511 non

276 1527 490 1582 directe
509 1531 574 1580 in
592 1527 796 1589 altum,
816 1527 912 1579 sed
932 1527 1376 1592 quodammodo
1397 1531 1460 1580 in
1480 1528 1790 1594 obliquum
1809 1529 2080 1594 protendi
2099 1529 2385 1582 debuisset.
2413 1530 2483 1582 Et

277 1616 350 1653 ex
370 1615 490 1665 quo
511 1614 724 1664 corpus
739 1598 934 1651 Stellae
948 1598 1099 1651 adeo
1113 1606 1466 1664 apparenter
1478 1603 1682 1665 patuit,
1702 1603 2034 1652 maximum
2046 1600 2183 1653 sane
2197 1601 2344 1654 illud
2357 1601 2482 1662 fuit,

277 1671 330 1724 &
349 1674 538 1724 crines
558 1686 814 1736 quoque,
834 1669 876 1722 fi
896 1685 1046 1735 quos
1060 1669 1373 1731 admifisset‚
1394 1686 1519 1723 non
1533 1671 1772 1724 obscure
1787 1671 2091 1724 ostensioni
2104 1671 2481 1725 sufficiebant.

277 1743 442 1807 Quin
461 1742 515 1795 &
535 1742 802 1795 Cometae
829 1741 1073 1806 quidam
1098 1757 1136 1794 a
1160 1741 1331 1794 nobis
1358 1741 1648 1795 obseruati
1673 1742 1803 1795 sunt
1828 1743 1979 1795 adeo
2005 1759 2043 1795 a
2066 1745 2233 1795 terris
2255 1746 2481 1804 remoti,

181 1831 228 1867 20
275 1821 336 1867 vt
355 1813 693 1867 Parallaxes
714 1828 924 1865 eorum
941 1812 1159 1865 fuerint
1177 1813 1355 1878 plane
1374 1813 1754 1866 insensibiles:
1782 1817 1885 1879 qui
1910 1814 2318 1876 nihilominuS,
2344 1822 2405 1867 vt
2422 1822 2484 1867 vt

276 1888 464 1951 capite
478 1900 603 1937 non
616 1884 956 1945 admodum,
978 1891 1154 1949 atque
1168 1883 1299 1937 haec
1313 1884 1508 1947 Stella,
1524 1885 1841 1951 conspicui:
1863 1888 2052 1938 crines
2065 1893 2282 1947 tamen,
2298 1886 2484 1939 oculis

275 1957 389 2010 sese
408 1956 542 2010 satis
563 1957 867 2009 euidenter
885 1955 1261 2018 infinuanteS,
1283 1955 1640 2010 obtinebant.

348 2028 594 2081 Certum
616 2027 857 2092 quidem
884 2027 975 2087 est,
1002 2026 1273 2093 Phyficos
1291 2028 1564 2093 vulgares
1590 2035 1766 2093 atque
1786 2028 2196 2089 AristotelicoS,
2224 2031 2287 2080 in
2307 2044 2378 2081 eo
2398 2028 2485 2080 illi

275 2098 616 2165 suffragium
629 2114 755 2151 non
766 2098 1132 2164 praebiturOS,
1155 2099 1315 2164 quod
1330 2098 1610 2152 Cometas
1624 2099 1937 2152 AEthereos
1952 2101 2072 2161 esse,
2094 2100 2346 2152 astruere
2359 2116 2484 2152 non

182 2188 228 2224 25
278 2171 523 2224 dubitat:
552 2170 710 2223 Cum
729 2171 789 2223 id
810 2185 1019 2222 eorum
1038 2171 1451 2232 axiomatibuS,
1479 2187 1599 2236 quo
1621 2171 1856 2224 Caelum
1880 2187 2128 2236 corpora
2151 2171 2483 2223 alterationi

278 2242 538 2295 obnoxia
562 2257 687 2294 non
711 2243 969 2306 recipere
988 2241 1258 2303 statuunt,
1285 2242 1519 2307 prorsus
1538 2249 1837 2308 repugnet.
1864 2243 1944 2294 At
1964 2243 2105 2307 quid
2124 2249 2251 2294 tum
2270 2242 2481 2307 postea,

276 2313 318 2365 fi
337 2313 396 2366 id
415 2329 520 2378 per
538 2313 594 2366 se
613 2328 823 2365 verum
843 2312 918 2365 est
942 2312 1125 2377 (quod
1143 2320 1346 2365 tamen
1365 2313 1549 2375 aliter,
1577 2330 1760 2379 quam
1785 2313 1883 2366 hic
1908 2313 2240 2378 praestitum,
2268 2313 2342 2366 ab
2362 2315 2481 2379 Ap-

276 2387 458 2450 piano
477 2385 716 2450 probari
735 2383 957 2448 debuit)
984 2384 1151 2436 nulla
1170 2385 1545 2438 assentatione
1564 2386 1797 2450 indiget,
1825 2400 1933 2437 nec
1958 2384 2204 2437 friuolas
2223 2384 2482 2451 phyfico-

278 2472 411 2509 rum
441 2459 697 2522 argutias
726 2455 1056 2517 extimescit,
1090 2471 1226 2508 cum
1254 2456 1484 2509 Veritas
1516 2456 1782 2508 constans
1812 2455 1864 2507 &
1891 2453 2112 2508 inuicta
2143 2455 2482 2520 nulliusque

183 2545 230 2581 30
279 2528 478 2593 indiga
495 2534 856 2592 permaneat.
878 2527 1006 2579 Nec
1020 2527 1268 2579 dubium
1282 2527 1356 2579 est
1371 2531 1516 2592 quin
1530 2529 1777 2579 omnino
1790 2527 2000 2579 falsum
2013 2526 2092 2587 fit,
2115 2526 2395 2579 Cometas
2409 2527 2483 2579 ab

280 2598 755 2651 exhalationibus
771 2597 1142 2658 terrestribus,
1163 2605 1224 2650 vt
1238 2598 1602 2663 Peripatetici
1615 2598 1838 2658 volunt,
1860 2600 2279 2663 coagmentari:
2301 2598 2483 2662 quod-

280 2685 396 2735 que
422 2670 735 2734 Appianus
761 2671 842 2721 ait
866 2669 926 2720 id
950 2669 1046 2720 vel
1070 2669 1204 2721 solis
1230 2672 1435 2734 opticis
1461 2669 1787 2721 rationibus
1814 2668 1973 2721 eludi
1997 2669 2163 2733 posse,
2191 2684 2315 2720 non
2341 2671 2484 2722 citra

279 2756 403 2793 rem
425 2740 499 2793 ab
520 2756 592 2792 eo
612 2739 924 2805 profertur:
947 2743 1222 2804 quamuis
1236 2742 1287 2792 is
1301 2740 1496 2792 nullas
1512 2740 1863 2792 eiuscemodi
1878 2740 2116 2804 Opticas
2131 2739 2482 2792 demonstra-

278 2815 469 2865 tiones
497 2814 561 2863 in
588 2811 852 2863 medium
882 2810 1156 2875 proferat.
1190 2811 1277 2862 Ex
1306 2812 1497 2864 cauda
1529 2811 1769 2876 quidem
1800 2826 2010 2863 eorum
2037 2811 2251 2875 vbique
2281 2827 2318 2863 a
2347 2810 2483 2864 Sole

184 2901 231 2936 35
280 2882 502 2943 auersa,
525 2882 684 2947 quod
705 2881 757 2933 &
775 2881 1119 2946 praestantiss.
1136 2884 1226 2934 vir
1246 2882 1447 2934 Petrus
1467 2883 1779 2947 Appianus
1799 2882 2018 2934 Parens
2039 2884 2181 2943 eius,
2202 2881 2402 2934 sedulo
2421 2885 2484 2934 in

202 2966 231 3009 i·
280 2954 506 3019 aliquot
525 2953 789 3006 Cometis
808 2952 896 3004 sui
915 2955 1034 3004 aeui
1054 2952 1452 3017 deprehendit,
1473 2953 1605 3006 satis
1624 2953 1823 3018 liquet,
1845 2952 2174 3005 defluuium
2194 2953 2340 3005 illud
2360 2969 2485 3005 non

281 3027 385 3078 esse
405 3024 713 3077 flammam
731 3023 997 3088 aliquam
1016 3024 1337 3085 ardentem,
1357 3031 1532 3089 prout
1550 3024 1897 3077 Aristotelici
1917 3024 2293 3076 contendunt.
2315 3024 2484 3076 Alias

281 3099 441 3149 enim
453 3095 676 3148 sursum
689 3102 973 3161 perpetuo
986 3095 1263 3156 tenderet,
1278 3103 1381 3148 aut
1394 3096 1469 3148 ad
1483 3098 1799 3148 minimum
1812 3098 1875 3148 in
1889 3095 2011 3148 Soli
2024 3095 2259 3148 auersas
2273 3102 2483 3161 parteS‚

280 3183 404 3220 non
422 3167 638 3232 vbique
658 3166 1124 3232 protenderetur:
1147 3167 1404 3232 Hucque
1424 3170 1618 3232 optica
1636 3169 1960 3228 ratiocinia,
1981 3166 2205 3231 aliquid
2224 3169 2484 3219 veritatis

185 3257 232 3292 40
281 3238 738 3304 comprobandae
753 3238 940 3290 caussa
953 3238 1281 3290 conducere
1294 3239 1524 3303 possent.
1539 3239 1618 3291 At
1632 3239 1792 3303 quod
1803 3238 1901 3291 ille
1912 3244 2181 3290 autumat
2193 3253 2265 3290 ex
2277 3253 2484 3290 eorum

281 3310 648 3375 dogmatibus
662 3309 878 3370 induci,
892 3308 1170 3361 Cometas
1183 3324 1215 3360 e
1226 3309 1510 3362 concursu
1523 3310 1826 3363 radiorum
1840 3309 2136 3363 Solarium
2149 3315 2326 3374 atque
2341 3309 2482 3361 alio-

280 3397 414 3433 rum
432 3380 546 3433 sese
565 3380 962 3446 frangentium
981 3379 1354 3440 conformari,
1381 3381 1532 3433 adeo
1551 3387 1612 3433 vt
1630 3380 2001 3446 postmodum
2019 3381 2338 3433 asseuerare
2359 3395 2482 3432 non

2244 3450 2480 3511 haesitet,
