2976 4264
492 343 561 394 84
993 338 1603 391 ASTRONOMIAE
1630 337 2195 390 INSTAURATAE

491 483 661 548 gulus
677 482 779 533 BE
790 481 839 533 C
859 486 1002 544 part.
1019 481 1067 531 5.
1086 476 1121 544 l.
1136 479 1215 539 23,
1239 481 1340 542 qui
1354 478 1586 530 additus
1601 474 1622 546 ΙΙ
1637 478 1712 530 ad
1727 479 2180 543 Longitudinem
2194 479 2451 541 Schedir‚
2472 481 2692 544 praebet
2723 491 2811 535 569

492 553 685 605 Stellae
707 552 779 603 ab
800 548 1177 615 AEquinoc’tio
1201 552 1593 601 remotionem
1613 549 1932 614 quaefitam,
1958 552 2021 601 in
2046 556 2190 615 part.
2212 551 2261 602 7.
2288 553 2494 603 minut.
2516 551 2586 603 30
2611 554 2689 612 8.

1131 620 1465 672 Latitudine
1481 636 1512 672 e
1526 623 1648 672 iam
1659 618 1810 672 dicto
1823 620 2275 686 Complemento
2289 625 2690 686 proueniente,

1127 697 1272 756 part.
1294 691 1379 743 53.
1400 694 1542 743 min.
1564 691 1649 744 54.

695 665 755 723 E

1200 762 1531 827 Longitudo
1552 768 1752 815 autem
1771 762 1844 814 fic
1864 768 2109 827 reperta,
2130 762 2262 815 licet
2275 766 2517 828 propius
2531 780 2690 816 acce·
2740 782 2762 817 5

1128 833 1226 884 dat
1249 833 1324 884 ad
1345 833 1601 899 Munofij
1631 839 1907 894 mentem,
1936 836 2038 898 qui
2065 849 2199 886 eam
2224 836 2287 885 in
2311 841 2456 898 part.
2477 836 2526 887 7.
2547 838 2689 887 min.

1127 904 1197 956 48
1223 906 1279 964 ὅ
1305 907 1559 956 remouit
1568 920 1580 965 ;
1606 911 1807 956 tamen
1833 903 2028 956 adhuc
2051 905 2108 957 18
2127 908 2268 957 min.
2290 908 2485 957 minor
2511 906 2602 967 est,
2628 909 2692 958 in

739 753 1044 1216 XC
1127 975 1459 1027 Latitudine
1498 991 1737 1040 quoque
1778 975 2020 1027 totidem
2062 975 2469 1040 scrupulorum
2506 976 2690 1029 abun-

722 1166 787 1230 A
805 1144 908 1271 4

1127 1045 1328 1098 dantia
1360 1049 1662 1111 reperitur.
1702 1047 1757 1098 Is
1789 1049 1949 1098 enim
1981 1062 2116 1098 eam
2149 1047 2351 1099 saltem
2382 1047 2451 1099 36
2482 1051 2688 1100 minut.

1126 1117 1277 1169 vltra
1296 1119 1552 1182 integros
1571 1117 1785 1183 gradus
1806 1118 1909 1169 esse
1928 1117 2131 1170 voluit.
2742 1137 2785 1172 10

1198 1187 1377 1252 Quod
1393 1188 1435 1239 fi
1451 1189 1746 1241 distantias
1766 1188 1942 1253 ipfius
1956 1205 1993 1240 a
2006 1189 2260 1241 Flexura
2274 1189 2326 1240 &
2340 1189 2562 1242 Lucida
2577 1190 2689 1242 Ca-

1124 1258 1349 1311 thedrae
1368 1263 1497 1324 pari
1516 1263 1736 1312 trutina
1753 1260 2034 1324 expensas
2047 1263 2110 1312 in
2125 1260 2430 1313 confilium
2443 1260 2689 1313 adhibu-

1126 1333 1362 1392 erimuS,
1392 1330 1657 1383 absoluta
1681 1330 2053 1396 Triangulari
2081 1332 2441 1396 Operatione
2469 1332 2688 1397 deprae-

1124 1401 1455 1454 hendemus
1476 1403 1931 1467 Longitudinem
1945 1402 2140 1455 Stellae
2156 1404 2354 1455 Nouae
2373 1406 2689 1468 prouenire

1124 1475 1187 1524 in
1201 1479 1345 1537 part.
1361 1474 1410 1526 7.
1426 1477 1568 1526 min.
1585 1473 1707 1534 18&
1717 1515 1729 1535 ‚
1746 1489 1881 1525 cum
1895 1474 2227 1526 Latitudine
2241 1481 2386 1539 part.
2402 1475 2487 1527 54.
2502 1477 2644 1527 min.
2657 1475 2691 1528 8
2745 1493 2787 1528 15

1125 1545 1332 1596 Borea.
1355 1545 1515 1609 quod
1535 1544 1731 1597 adhuc
1749 1545 1883 1610 plus
1903 1561 1941 1597 a
1960 1545 2320 1598 Munofiano
2342 1545 2536 1598 Stellae
2559 1545 2691 1598 loco

1124 1615 1455 1680 digreditur,
1477 1616 1782 1668 deficiente
1798 1616 1997 1680 quoad
2011 1617 2466 1682 Longitudinem
2478 1616 2690 1669 semisse

1123 1687 1354 1751 graduS‚
1378 1686 1430 1738 81
1449 1687 1630 1751 paulo
1651 1687 1784 1752 plus
1804 1690 1867 1739 in
1887 1687 2220 1740 Latitudine
2241 1688 2597 1740 abundante.

1196 1758 1501 1822 Oportebit
1534 1761 1733 1823 itaque
1768 1758 1957 1823 ipsum
1991 1759 2187 1811 adhuc
2221 1759 2341 1811 alia
2374 1758 2690 1812 adhibuisse

496 1824 543 1874 F
711 1852 772 1901 G,
962 1842 1035 1902 H
1123 1829 1404 1881 Fixarum
1422 1829 1570 1891 loca,
1592 1832 1914 1894 antequam
1934 1832 1997 1882 in
2016 1830 2184 1882 istum
2201 1845 2380 1895 quem
2394 1830 2688 1896 configna-
2738 1848 2786 1884 20

1124 1903 1209 1952 uit
1223 1900 1419 1952 Stellae
1433 1901 1683 1965 pofitum
1696 1904 2008 1966 peruenire
2022 1901 2199 1953 licuit.
2219 1901 2279 1954 Si
2295 1904 2455 1953 enim
2471 1902 2690 1967 Coper-

483 1973 600 2022 nici
625 1977 854 2022 motum
881 1971 1356 2035 applicuerimus,
1384 1972 1594 2024 cadent
1614 1973 2035 2037 Longitudines
2060 1989 2212 2037 pene
2239 1973 2483 2025 dimidio
2506 1973 2691 2038 gradu

483 2042 678 2094 adhuc
698 2046 1043 2104 anteriores;
1064 2046 1127 2095 in
1148 2043 1579 2096 Latitudinibus
1600 2044 1809 2096 eadem
1830 2060 1965 2108 quae
1985 2047 2148 2109 prius
2169 2047 2275 2096 erit
2294 2046 2460 2096 rati0.

555 2114 697 2165 Non
716 2116 889 2178 igitur
909 2113 1104 2166 adhuc
1124 2114 1257 2166 satis
1279 2114 1510 2176 constat,
1536 2115 1837 2179 quomodo
1859 2115 2170 2167 Munofius
2191 2115 2385 2168 Stellae
2406 2114 2586 2167 huius
2605 2115 2688 2167 lo-

484 2201 618 2236 cum
638 2185 1070 2249 praedefinierit,
1094 2185 1379 2250 fiquidem
1399 2186 1681 2238 distantiae
1702 2202 1744 2238 a.
1757 2188 1964 2238 vicinis
1986 2187 2159 2248 FixiS,
2182 2202 2330 2251 quas
2352 2186 2688 2252 defignauit,
2740 2204 2786 2239 25

484 2256 1020 2321 quomodocunque
1039 2257 1346 2322 vsurpatae,
1373 2257 1554 2309 talem
1579 2257 1682 2322 ipfi
1707 2257 1906 2309 locum
1932 2274 2056 2309 non
2082 2258 2415 2319 attribuant,
2443 2260 2565 2310 imo
2589 2258 2630 2309 fi
2654 2274 2691 2311 a

483 2327 721 2379 diuerfis
748 2328 955 2389 Stellis‚
985 2328 1118 2380 11001
1144 2329 1219 2380 3(1
1246 2330 1511 2380 amussim
1535 2328 1865 2390 verificatiS,
1893 2328 2023 2381 haec
2050 2329 2431 2390 deducantur,
2458 2332 2610 2381 inter
2634 2329 2690 2381 se

482 2398 870 2451 nihilominus
897 2416 1021 2451 non
1050 2400 1440 2464 quadrabunt,
1467 2416 1577 2452 nec
1598 2400 1855 2452 eundem
1875 2401 2073 2452 Nouae
2094 2400 2293 2452 locum
2314 2400 2688 2453 exhibebunt.

485 2470 777 2533 Quocirca
804 2487 939 2522 cum
964 2487 1073 2522 nec
1099 2471 1216 2535 ipse
1237 2471 1549 2523 Munofius
1576 2474 1834 2523 rationes
1860 2472 1946 2523 sui
1971 2474 2200 2523 inuenti
2225 2471 2340 2523 loci
2359 2472 2687 2533 reddiderit,

483 2556 591 2592 nec
606 2544 653 2592 is
670 2557 741 2593 ex
756 2542 929 2606 ipfius
945 2542 1468 2595 Obseruationibus
1482 2546 1643 2594 varie
1659 2546 2010 2595 examinatis
2026 2543 2286 2608 prodeat,
2309 2558 2381 2595 eo
2400 2549 2688 2608 tanquam
2737 2560 2784 2595 30

482 2614 679 2664 minus
695 2612 1100 2678 circumspecte
1116 2614 1404 2675 ordinatO‚
1420 2617 1482 2665 in
1495 2614 1599 2666 suo
1611 2614 1812 2666 valore
1827 2613 2043 2676 1011610,
2058 2614 2287 2678 reliqua
2298 2614 2685 2666 discutiemus,

554 2683 622 2733 In
643 2684 851 2735 eadem
872 2684 1123 2749 Epistola
1142 2685 1274 2737 suas
1295 2685 1578 2749 quasdam
1599 2685 1893 2738 distantias
1914 2701 2050 2737 cum
2063 2684 2352 2738 Thaddaei
2372 2685 2611 2747 confert,
2634 2685 2686 2737 &

482 2753 614 2805 licet
638 2770 1075 2820 nonnunquam
1104 2755 1266 2808 haud
1293 2756 1511 2809 absona
1539 2763 1847 2821 proponat,
1877 2763 2077 2809 tamen
2106 2773 2230 2808 non
2257 2756 2482 2822 semper
2509 2756 2685 2821 ipfius

483 2825 763 2877 distantiae
784 2826 1143 2891 Hagecianis
1163 2827 1293 2879 sunt
1314 2827 1744 2880 collimatiores.

554 2897 715 2947 Nam
735 2897 808 2948 ab
829 2898 1140 2949 vndecima
1158 2901 1222 2950 in
1242 2905 1530 2963 quartam,
1557 2899 1759 2951 saltem
1778 2899 1908 2951 sunt
1927 2899 2084 2964 grad.
2105 2899 2155 2951 3.
2179 2896 2214 2964 Ι.
2237 2899 2322 2960 35,
2345 2899 2444 2951 vbi
2463 2899 2683 2951 Muno-
2733 2916 2779 2951 3⁵

481 2967 594 3019 fius
627 2968 761 3019 dicit
791 2970 1047 3020 interesse
1079 2970 1236 3034 grad.
1265 2970 1314 3022 3.
1341 2973 1483 3022 min.
1511 2971 1596 3023 50.
1623 2969 1963 3023 Thaddaeus
1994 2972 2058 3022 in
2091 2970 2404 3023 emendata
2429 2970 2683 3031 Dialexi,

481 3038 657 3090 habet
677 3039 833 3103 grad.
854 3039 904 3091 3.
926 3042 1067 3091 min.
1089 3040 1174 3101 40,
1197 3042 1355 3104 quod
1374 3057 1516 3093 vero
1536 3044 1778 3106 propius
1799 3041 2035 3094 accedit.
2059 3037 2080 3109 ΙΙ

553 3109 645 3161 Sic
666 3110 1079 3162 duodecimam
1094 3110 1145 3161 &
1158 3111 1532 3164 vndecimam
1551 3111 1702 3165 recte
1722 3119 1989 3164 remouet
2002 3112 2341 3164 Thaddaeus
2355 3112 2413 3164 P.
2429 3112 2493 3166 4}
2511 3128 2682 3177 prox·
2715 3122 2804 3165 570

481 3183 614 3240 11110,
636 3180 768 3232 11001
788 3181 1100 3232 Munofius
1121 3181 1324 3234 distare
1344 3183 1546 3234 saltem
1565 3190 1711 3248 part.
1731 3184 1781 3236 3.
1806 3181 1840 3249 Ι.
1863 3184 1933 3237 50
1953 3184 2281 3236 contendat.

553 3251 638 3303 Ita
659 3267 896 3316 quoque
917 3267 954 3303 a
972 3252 1225 3305 secunda
1245 3253 1320 3305 ad
1334 3254 1706 3306 vndecimam
1726 3255 1856 3306 sunt
1875 3270 2086 3306 reuera
2104 3260 2248 3319 part.
2264 3255 2313 3306 6.
2331 3252 2366 3320 Ι.
2382 3254 2467 3315 27,
2489 3253 2682 3306 defici·
2732 3271 2779 3306 4ο

481 3322 711 3374 entibus
730 3323 932 3375 saltem
952 3339 989 3375 a
1007 3322 1296 3375 Thaddaei
1316 3328 1700 3378 annotatione
1720 3326 1769 3377 3.
1785 3328 1926 3377 min.
1943 3341 2079 3377 cum
2095 3325 2407 3377 Munofius
2420 3325 2479 3377 P.
2495 3326 2544 3377 6.
2562 3323 2597 3391 Ι.
2613 3325 2683 3378 50

480 3393 710 3455 11311031,
733 3394 1044 3447 abundans
1063 3394 1131 3447 23
1151 3397 1294 3447 min.
1647 3404 1653 3408 *

2390 3467 2682 3519 Praeterea
