2976 4264
453 332 522 383 24
956 328 1565 381 ASTRONOMIAE
1591 326 2156 381 INSTAURATAE

453 473 665 537 Neque
686 470 1008 523 admodum
1027 469 1415 534 perceptibilis
1436 470 1539 521 esse
1559 475 1787 533 poterat
1808 468 2153 528 differentia,
2174 466 2458 532 siquidem
2472 466 2654 518 Noua

454 543 505 595 &
519 543 741 595 Polaris
758 540 926 592 fimul
939 540 1121 592 ferme
1137 539 1543 592 Meridianum
1562 540 1896 592 tranfibant.
1919 539 2158 592 Constat
2175 540 2375 602 itaque
2395 536 2654 589 nostrum

452 612 831 666 interuallum
862 614 967 662 rite
999 610 1054 662 se
1087 610 1322 663 habere.
1367 611 1446 662 At
1483 611 1805 663 secundum
1835 609 2125 663 Thaddaei
2156 608 2372 674 placita
2404 607 2654 660 euasisset

454 683 682 748 Compl.
705 682 867 734 Decl.
890 681 1084 733 Stellae
1105 682 1163 733 P.
1185 681 1270 734 28.
1293 679 1328 747 l.
1350 682 1436 742 29,
1464 681 1942 734 Declinationem
1969 683 2095 733 eius
2122 680 2179 732 16
2204 679 2486 744 scrupulis
2508 678 2653 731 iusto

450 758 743 806 minorem
771 752 1036 813 reddenS‚
1068 752 1120 804 &
1149 768 1186 804 a
1213 755 1465 817 proprijS
1493 752 1719 817 placitis
1746 752 2026 813 dissidenS,
2057 751 2201 803 dum
2227 750 2422 803 Stellae
2448 766 2486 802 a
2510 749 2653 801 Polo
2704 765 2726 799 5

451 827 854 884 remotionem,
886 819 906 891 ΙΙ
935 823 1054 875 fiue
1089 823 1610 888 Complementum
1641 823 2071 876 Declinationis
2102 821 2342 888 ipsemet
2372 823 2436 872 in
2466 820 2655 885 scripti
2686 828 2774 871 510

450 897 736 961 progressu
764 895 940 946 faciat
967 894 1026 946 P.
1054 894 1139 947 28.
1170 892 1205 960 l.
1230 895 1279 947 7.
1312 894 1562 947 Caeterae
1592 894 1939 947 differentiae
1967 894 2101 947 satis
2131 893 2327 945 obuiae
2355 891 2500 953 sunt,
2532 898 2587 944 et
2614 891 2655 942 fi

452 967 691 1019 Coelum
709 965 897 1030 ipsum
918 965 1271 1017 collimatius
1291 968 1536 1018 minime
1556 965 1864 1018 fallacibus
1885 965 2283 1018 Instrumentis
2302 963 2654 1028 inspiciatur,

454 1037 672 1089 nostras
692 1036 1157 1101 intercapedines
1177 1036 1381 1101 inipso
1406 1040 1636 1089 minuto
1664 1044 1820 1090 certo
1848 1036 2105 1090 constare
2131 1034 2451 1101 apparebit,
2478 1040 2654 1099 atque

449 1124 658 1160 reuera
686 1124 793 1173 pro
823 1109 1095 1173 assignata
1121 1111 1445 1172 quantitate
1470 1107 1844 1161 Thaddaeum
1873 1108 2169 1161 interdum
2197 1107 2347 1172 pluS,
2377 1121 2653 1158 nonnun-
2708 1120 2750 1155 10

450 1195 629 1244 quam
650 1182 864 1239 minuS,
887 1179 1085 1243 quoad
1107 1178 1378 1232 exactum
1398 1179 1780 1232 interuaHum
1799 1180 2111 1232 annotasse.

518 1250 786 1302 Tandem
796 1250 928 1302 loca
940 1249 1254 1302 Stellarum
1263 1249 1582 1315 Cassiopeae
1593 1251 1915 1303 secundum
1925 1251 2370 1316 Copernianam
2381 1263 2654 1300 numera÷

447 1325 669 1373 tionem
690 1324 870 1386 ponit,
895 1337 1030 1386 quae
1053 1328 1343 1386 quantum
1363 1339 1399 1375 a
1421 1322 1595 1375 Coelo
1616 1323 1911 1375 dissideant
1933 1338 2005 1374 ex
2025 1321 2218 1374 nostra
2236 1319 2654 1380 verificatione,

450 1393 593 1458 Cap.
623 1392 847 1456 Quinto
877 1393 1166 1458 assignata,
1197 1400 1374 1458 atque
1404 1410 1540 1446 cum
1568 1393 1681 1446 hac
1711 1394 1924 1446 collata
1952 1399 2125 1458 patet.
2158 1391 2335 1456 Quod
2365 1397 2565 1443 autem
2593 1393 2656 1442 in

447 1464 546 1516 ista
569 1464 938 1516 ordinatione
952 1464 1236 1526 vltimam,
1259 1481 1394 1530 quae
1415 1481 1666 1517 numero
1681 1465 1737 1517 13
1752 1465 1843 1527 est,
1864 1465 1997 1530 plus
2017 1467 2242 1530 integro
2258 1463 2435 1528 Signo
2454 1464 2654 1515 antici·
2709 1476 2750 1511 1⁵

447 1538 613 1600 parit,
634 1534 766 1587 fecit
785 1535 844 1586 id
864 1538 1190 1588 imitatione
1204 1536 1564 1598 Abacorum‚
1586 1539 1688 1602 qui
1709 1552 1916 1589 omnes
1936 1539 1999 1588 in
2018 1535 2131 1588 hac
2152 1534 2331 1588 Stella
2350 1539 2655 1598 tantopere

448 1607 736 1659 aberrant.

519 1678 844 1742 Imaginem
865 1694 1102 1743 quoque
1125 1678 1443 1744 Cassiopeae
1465 1678 1557 1731 his
1577 1679 1883 1745 subiungit,
1911 1685 2086 1744 prout
2105 1678 2420 1731 Stellarum
2439 1675 2655 1742 positus

447 1750 764 1814 praemissus
793 1749 1058 1814 (excepta
1076 1749 1180 1802 1113
1199 1750 1272 1810 13,
1301 1766 1436 1815 quae
1463 1753 1716 1802 nimium
1743 1750 2081 1816 digreditur)
2110 1752 2299 1815 exigit.
2328 1748 2442 1801 Sed
2462 1747 2655 1813 qualis

449 1820 501 1872 &
530 1823 592 1872 in
621 1819 714 1872 his
742 1820 1078 1873 nonnullibi
1105 1820 1169 1873 fit
1194 1837 1231 1873 a
1256 1821 1449 1874 nostra
1477 1822 1701 1874 caelitus
1730 1837 1855 1874 non
1881 1837 1913 1874 e
1940 1824 2203 1874 numeris
2230 1819 2655 1885 Catalogorum
2704 1832 2750 1867 20

447 1894 626 1956 petita
640 1890 1124 1953 conformatione,
1147 1891 1581 1958 Stellarumque
1596 1893 1791 1945 debita
1805 1892 2239 1958 confignatione
2254 1891 2654 1956 discrepantia,

449 1962 845 2028 conspicietur,
867 1963 908 2015 fi
928 1965 1059 2028 quis
1079 1963 1333 2016 nostram
1349 1964 1668 2029 Cassiopeae
1687 1963 1975 2028 picturam
1990 1964 2199 2029 Capite
2213 1963 2413 2015 Tertio
2433 1961 2654 2014 exhibi-

447 2041 586 2095 tam,
609 2050 744 2086 cum
763 2033 1052 2086 Thaddaei
1073 2034 1405 2100 diligentius
1426 2035 1751 2088 contulerit.

520 2105 719 2157 Nouae
733 2104 928 2158 Stellae
948 2106 1147 2158 locum
1166 2108 1229 2157 in
1248 2105 1352 2159 sua
1366 2105 1570 2172 Effigie
1588 2110 1765 2159 nimis
1779 2105 1991 2160 direc'te
2005 2106 2158 2159 infra
2171 2106 2545 2158 vndecimam
2559 2104 2654 2156 de-

448 2177 705 2241 pressam,
726 2176 965 2241 ipsemet
977 2177 1135 2238 vidit,
1156 2184 1584 2243 proptereaque
1602 2181 1664 2230 in
1679 2176 1936 2231 correcto
1951 2177 2288 2242 Exemplari
2309 2179 2436 2229 eius
2455 2175 2655 2230 locum
2704 2189 2750 2223 25

448 2247 629 2311 paulo
650 2247 824 2299 altius
842 2250 904 2300 in
921 2247 1229 2313 obliquum
1242 2248 1472 2302 sustulit.
1494 2250 1692 2314 Atque
1706 2249 1835 2302 haec
1850 2252 2004 2302 circa
2017 2250 2280 2301 Primum
2296 2248 2491 2314 Caput
2504 2246 2653 2299 satis.

521 2389 803 2442 CAPITE
824 2390 1220 2452 SECVNDO,
1232 2394 1428 2444 varias
1440 2391 1697 2444 aliorum
1708 2394 2019 2457 opiniones
2031 2392 2102 2444 de
2113 2391 2227 2444 hac
2235 2390 2430 2452 Stella,
2442 2393 2654 2456 partim

450 2463 552 2525 qui
579 2476 712 2513 eam
732 2476 855 2512 non
875 2461 1136 2522 Nouam,
1162 2461 1258 2514 sed
1279 2478 1311 2514 e
1330 2463 1641 2515 Veteribus
1660 2479 1843 2515 vnam
1867 2462 2214 2516 miraculose
2239 2462 2653 2522 illuminatam,

449 2534 663 2596 partim
682 2547 823 2584 vero
843 2532 1220 2585 sublunarem
1239 2532 1396 2586 fuisse
1418 2535 1861 2596 contenderunt,
1889 2537 2089 2587 recitat
2112 2541 2290 2599 atque
2317 2533 2501 2595 diluit,
2529 2535 2654 2598 qui-

449 2603 560 2654 bus
585 2602 682 2655 hic
708 2619 830 2655 non
857 2603 1029 2668 plura
1055 2604 1288 2667 addam,
1317 2621 1389 2657 ex
1416 2621 1536 2670 quo
1562 2605 1801 2671 ipsemet
1826 2605 2058 2658 seorsim
2084 2605 2136 2658 &
2164 2621 2373 2658 eorum
2400 2619 2550 2670 quos
2575 2604 2655 2656 ibi
2705 2617 2751 2652 30

451 2677 601 2735 citat,
624 2674 675 2726 81
696 2675 951 2727 aliorum
972 2678 1342 2740 opinationes
1361 2676 1463 2729 sub
1485 2677 1761 2729 incudem
1774 2693 2067 2730 reuocem.
2089 2677 2327 2730 Erudite
2342 2683 2543 2729 autem
2556 2675 2655 2728 ad-

450 2745 697 2797 modum
721 2748 784 2797 in
811 2746 1020 2798 eodem
1043 2747 1251 2812 Capite
1272 2748 1492 2810 disserit,
1521 2748 1680 2813 quod
1702 2749 1954 2802 Cometa
1973 2764 2098 2801 non
2117 2748 2290 2801 fuerit
2309 2747 2439 2800 haec
2460 2746 2655 2807 Stella,

450 2831 644 2881 neque
663 2816 748 2868 illi
768 2817 966 2869 similis
987 2833 1122 2882 quae
1144 2818 1339 2884 Magis
1359 2823 1646 2885 apparuit,
1675 2820 1953 2885 quodque
1979 2836 2103 2872 non
2128 2819 2262 2872 satis
2285 2819 2656 2885 exploratum

450 2886 528 2948 sit,
550 2887 695 2940 illud
715 2887 1206 2954 Philosophorum
1219 2890 1500 2943 Axioma:
1523 2891 1765 2944 Coelum
1785 2907 1910 2943 non
1929 2894 2186 2957 recipere
2206 2906 2397 2944 nouas
2416 2905 2654 2956 genera-

450 2961 655 3020 tioneS,
683 2960 1189 3024 quemadmodum
1215 2976 1325 3013 nos
1352 2977 1590 3027 quoque
1617 2962 1747 3015 haec
1768 2962 1821 3014 &
1842 2962 2050 3015 similia
2075 2964 2273 3028 passim
2299 2963 2653 3015 asseruimus.
2705 2975 2751 3010 ³⁵

523 3100 804 3153 CAPITE
818 3100 1121 3164 TERTIO,
1138 3102 1315 3166 Quod
1327 3102 1456 3156 haec
1469 3104 1647 3157 Stella
1657 3108 1891 3169 penitus
1903 3105 2101 3167 Noua,
2118 3105 2171 3157 &
2183 3111 2395 3170 praeter
2406 3105 2654 3157 Naturae

451 3171 719 3223 ordinem
733 3175 796 3224 in
806 3172 1047 3225 AEthere
1062 3173 1244 3238 pofita
1256 3174 1335 3236 fit,
1351 3174 1562 3237 astruit,
1580 3175 1632 3227 &
1646 3176 1949 3241 plaeraque
1965 3176 2164 3241 quoad
2177 3176 2513 3242 generalem
2528 3178 2654 3227 eius

451 3242 974 3296 considerationem
999 3260 1036 3296 a
1061 3245 1265 3297 nostris
1291 3261 1415 3298 non
1441 3247 1793 3300 dissentanea
1813 3247 1884 3300 de
1905 3248 2081 3309 Loc0,
2109 3247 2329 3312 Specie,
2356 3247 2653 3312 Magnitu-

451 3313 604 3374 dine,
631 3314 1013 3377 Alteratione,
1041 3322 1217 3381 atque
1239 3316 1662 3370 Scintillatione
1688 3319 1939 3371 adducit.
1968 3318 2147 3370 Fuisse
2167 3325 2367 3371 autem
2391 3317 2548 3370 hanc
2567 3332 2653 3369 re-

450 3400 595 3437 uera
616 3385 875 3447 Nouam,
901 3386 1033 3439 satis
1055 3387 1425 3441 euidentibus
1445 3388 1772 3441 rationibus
1791 3389 2014 3454 probat,
2037 3390 2249 3454 quibus
2269 3389 2406 3441 sane
2426 3388 2531 3440 nifi
2550 3388 2653 3441 311-
2703 3402 2750 3437 40

2479 3475 2654 3511 orum
