2976 4264
694 321 1574 377 PROGYMNASMATUM
1600 324 1914 377 TERTIA
1939 325 2143 379 PARS
2430 329 2522 380 219

318 471 425 504 uno
446 461 743 515 eodemque
763 462 883 506 loco
904 473 999 516 per
1017 463 1152 507 duos
1171 463 1400 519 integros
1420 475 1554 519 pene
1570 464 1789 508 Menses.
1814 464 1964 509 Nunc
1985 477 2114 510 uero
2134 465 2271 509 intra
2286 467 2521 511 Mensem

317 518 534 563 unicum
559 519 769 564 uidetur
793 521 923 564 mihi
946 522 1105 566 Stella
1130 522 1219 566 illa
1245 523 1574 578 aliquantum
1599 524 1862 579 progressa
1887 525 1986 568 esse
2012 525 2082 568 ad
2103 525 2311 569 Gradus
2334 530 2443 570 tres
2468 526 2521 570 in

319 578 560 630 Boream,
591 579 772 623 uersus
800 579 968 635 ipsum
998 581 1151 625 Sidus
1177 582 1391 637 Cephei:
1424 583 1781 638 decrescitque
1810 584 2014 639 lingulis
2044 584 2229 628 diebus
2258 586 2426 641 magis
2455 598 2519 630 ac

198 637 285 682 706
317 638 485 693 magis
510 637 563 680 in
588 639 946 694 magnitudine
973 638 994 699 ΙΙ
1020 641 1061 683 8ι
1087 641 1290 697 fulgore
1312 642 1419 694 suo,
1446 645 1504 685 ut
1528 642 1822 686 existimem
1848 655 1970 686 eam
1997 643 2145 687 breui
2168 645 2517 688 euam'turam.

244 705 267 739 5

221 1297 262 1332 15

211 1594 258 1629 20

208 1892 254 1926 25

204 2687 250 2722 35

200 3397 246 3431 45

316 696 419 740 Sed
445 697 497 739 in
524 698 879 742 decrescentia
907 699 996 742 sua
1020 700 1234 756 tingitur
1258 701 1476 745 omnino
1502 703 1682 746 colore
1710 702 1876 746 rubeo
1904 714 1968 746 ac
1997 703 2291 758 sanguineo.
2320 703 2519 748 Effecta

315 755 470 813 huius
490 757 667 801 Stellae
692 757 838 801 haud
864 758 1022 802 dubie
1048 772 1243 815 magna
1264 772 1328 804 ac
1349 760 1612 805 euidentia
1636 765 1802 805 erunt.
1833 761 2076 806 Historiae
2096 763 2372 817 perhibent
2391 766 2519 807 tem-

313 827 444 870 pore
473 815 682 860 Ottonis
713 817 872 871 primi
900 818 1258 873 Imperatoris,
1293 820 1514 864 similem
1542 821 1760 864 Stellam
1790 821 1845 864 in
1875 822 2068 865 eodem
2101 822 2210 866 fere
2242 823 2363 867 loco
2393 823 2519 867 Caeli

315 875 498 927 arfisse,
525 876 679 919 Anno
707 876 922 920 Domini
946 876 1048 921 945.
1080 878 1182 922 Vbi
1207 891 1417 934 magnae
1443 880 1764 924 mutationes
1788 880 2122 936 plurimaque
2148 883 2308 934 mala,
2338 883 2518 926 uarIas

313 934 615 978 Prouincias
629 936 856 990 Europae
869 937 1226 991 peruaserunt,
1247 938 1564 993 potissimum
1584 942 1800 994 propter
1815 941 2118 995 peregrinas
2131 944 2310 996 gentes
2323 941 2517 986 infusas

313 993 366 1036 in
394 993 754 1038 Germaniam.
785 995 985 1039 Verum
1017 998 1184 1041 multo
1217 998 1530 1053 locupletius
1560 999 1918 1043 testimonium
1946 999 1998 1042 in
2026 999 2249 1056 historijs
2277 1004 2423 1044 extat
2451 1002 2517 1045 de

312 1052 466 1097 Anno
493 1053 707 1097 Domini
736 1054 864 1106 1264,
896 1067 1002 1110 quo
1029 1056 1190 1100 Stella
1216 1069 1412 1113 magna
1438 1059 1480 1101 81
1504 1058 1680 1102 lucida
1705 1058 1759 1101 in
1783 1061 1934 1113 parte
1960 1059 2087 1103 Caeli
2112 1060 2517 1114 septentrionali

313 1112 457 1156 circa
476 1112 650 1167 Sydus
670 1113 955 1169 Cassiopeae
981 1115 1241 1171 apparuit,
1268 1128 1458 1160 carens
1485 1117 1714 1161 [imiliter
1740 1118 1987 1170 crinibus,
2016 1130 2079 1162 ac
2105 1119 2347 1162 destituta
2366 1123 2515 1164 motu

312 1171 403 1215 suo
438 1172 675 1226 proprio:
707 1184 832 1217 cum
860 1175 1021 1229 paulo
1051 1175 1166 1230 post
1194 1176 1316 1220 duae
1344 1176 1778 1231 praestantissimae
1804 1189 1868 1221 ac
1894 1177 2268 1222 florentissimae
2298 1178 2514 1223 familiae

312 1231 647 1276 Germanicae
678 1233 868 1277 excisae
897 1234 1012 1278 fint:
1044 1235 1085 1277 ἃ
1113 1234 1248 1278 inter
1271 1234 1535 1280 Electores
1562 1247 1626 1279 ac
1652 1236 1914 1291 Principes
1941 1237 2261 1290 Germaniae,
2292 1238 2514 1283 summae

312 1289 670 1335 distractiones
696 1291 904 1344 fuerint,
931 1293 1392 1349 interregnumque
1415 1295 1768 1350 plurimorum
1787 1307 2051 1339 annorum
2071 1308 2196 1340 cum
2214 1297 2425 1341 laniena
2446 1299 2514 1341 se·

311 1353 494 1393 cutum
509 1351 581 1393 lit.
604 1351 866 1395 Dominus
881 1351 1082 1397 Doctor
1093 1353 1323 1397 Achilles
1337 1354 1598 1407 Gassarus,
1618 1355 1857 1399 Medicus
1871 1356 1912 1399 &
1925 1356 2171 1411 Phyficus
2184 1356 2512 1412 Augustanus

309 1409 530 1465 insignis,
556 1410 877 1454 uaticinatur
900 1423 996 1466 per
1019 1412 1159 1456 hanc
1187 1413 1420 1466 Stellam,
1451 1414 1580 1458 ficut
1605 1414 1672 1458 ab
1700 1415 1814 1470 alijs
1842 1415 1911 1458 ad
1936 1427 2024 1458 me
2049 1415 2395 1471 perscriptum
2420 1417 2509 1469 est,

309 1469 644 1524 asperitatem
675 1470 914 1524 Hyemis,
945 1471 987 1514 δι
1018 1472 1279 1527 Magnatis
1312 1473 1532 1517 alicuius
1564 1473 1790 1517 obitum:
1825 1474 1910 1517 cui
1942 1486 2038 1529 ego
2068 1474 2222 1518 facile
2251 1475 2508 1520 assentior.

310 1528 448 1571 Nam
468 1528 621 1572 Sidus
642 1529 925 1585 Cassiopeae
951 1531 1156 1574 constat
1176 1532 1329 1575 stellis
1348 1532 1656 1585 Saturninis,
1684 1545 1806 1587 quae
1833 1534 1902 1577 ad
1926 1533 2266 1589 frigiditatem
2290 1546 2512 1590 propen-

307 1588 452 1631 dent:
481 1588 712 1644 defignat
730 1589 857 1633 item
878 1589 1146 1645 Cassiopea
1166 1591 1350 1635 sedens
1369 1591 1422 1634 in
1442 1591 1583 1636 Solio
1605 1592 1794 1648 Regali,
1821 1593 2071 1647 personas
2097 1593 2316 1638 illustres
2337 1606 2401 1638 ac
2422 1606 2511 1650 po-

304 1650 490 1698 tentes,
517 1648 981 1704 gubernaculaque
1008 1649 1220 1704 Reipub.
1248 1652 1610 1695 moderantes:
1643 1663 1870 1706 quarum
1897 1653 2045 1696 alteri
2071 1652 2328 1697 interitus:
2360 1654 2511 1698 alteri

304 1718 434 1751 uero
461 1707 714 1762 depressio
741 1711 833 1752 aut
858 1708 1137 1753 destructio
1163 1721 1289 1753 cum
1313 1710 1453 1765 turpi
1478 1711 1775 1766 proditione
1800 1712 1886 1755 uel
1910 1711 2033 1768 fuga
2059 1713 2402 1767 portenditur.
2431 1714 2508 1758 Ac

305 1769 511 1810 certum
525 1767 599 1810 est
611 1767 828 1811 decreta
840 1768 996 1812 huius
1007 1769 1184 1813 Stellae
1194 1769 1290 1813 toti
1302 1770 1549 1825 Europae:
1566 1770 1857 1826 praesertim
1867 1783 1997 1815 uero
2010 1772 2240 1826 Imperio
2252 1773 2506 1825 Romano,

303 1826 663 1881 membrisque
683 1826 795 1871 eius
815 1829 1079 1872 nonnullis
1098 1829 1253 1873 nimis
1273 1829 1584 1873 calamitosa
1597 1830 1638 1872 ἃ
1653 1830 1945 1885 perniciosa
1964 1831 2162 1874 futura:
2185 1832 2314 1874 dum
2332 1832 2509 1876 uideli-

304 1888 389 1929 cet
415 1885 715 1929 libertatem
743 1886 1015 1942 pristinam
1045 1899 1254 1941 exuere,
1284 1889 1571 1944 iugumque
1598 1889 1928 1933 intolerabile
1954 1890 2208 1945 suscipere
2238 1895 2504 1947 cogentur.

305 1945 488 2000 Neque
507 1945 670 1989 etiam
688 1946 954 1990 immunes
974 1951 1128 1991 erunt
1141 1960 1173 1991 a
1186 1948 1348 2004 uariJs
1368 1948 1766 1992 difficultatibus
1780 1949 1821 1992 ἃ
1836 1950 2075 1993 cladibus
2089 1950 2348 2003 homines,
2371 1952 2509 2007 Regi-

303 2016 432 2048 ones
453 2016 517 2048 ac
539 2005 802 2058 Ciuitates,
830 2006 971 2061 figno
990 2007 1149 2051 Tauri
1169 2007 1512 2060 subiacentes,
1541 2020 1673 2063 quas
1699 2020 1787 2052 me
1811 2008 1899 2053 hic
1922 2009 2210 2062 recensere,
2236 2010 2507 2054 necessitas

303 2067 462 2119 atque
482 2067 655 2108 metus
674 2068 872 2109 uetant.

342 2206 823 2274 DISQUISITIO
851 2210 1140 2264 EORUM
1167 2211 1362 2276 QUAE
1389 2212 1986 2348 ΗΙΟΊῙῐιΕΟΠΙΤΙΠΞ
2012 2213 2099 2266 IN
2126 2213 2467 2268 MEDIUM

1199 2295 1539 2349 PROTULI
1595 2337 1607 2349 .

372 2386 551 2451 Quod
576 2386 651 2440 ab
676 2390 844 2441 initio
870 2388 1113 2442 Stellam
1138 2390 1383 2443 Nouam
1408 2390 1681 2456 appellat,
1708 2389 1859 2444 rec‘te
1886 2391 2036 2451 facit,
2064 2391 2255 2456 deque
2280 2395 2502 2457 magni-

299 2458 502 2510 tudine
529 2461 655 2511 eius
675 2460 1032 2525 Apparente,
1059 2460 1210 2513 nihil
1235 2462 1415 2514 alieni
1441 2463 1592 2514 dicit.
1620 2462 1820 2525 Quam
1846 2462 2243 2515 Instrumentis
2269 2463 2390 2527 post
2415 2463 2500 2515 25.

301 2528 580 2582 Decemb.
609 2530 665 2582 se
695 2533 1044 2584 examinasse
1073 2535 1168 2585 ait.
1200 2534 1278 2585 At
1304 2533 1518 2598 quibus
1544 2533 1597 2585 &
1623 2533 1925 2598 quomodo
1953 2533 2005 2585 81
2031 2549 2311 2598 quaenam
2339 2541 2503 2586 erant

300 2600 402 2652 illa
422 2600 782 2654 obseruata?
809 2602 934 2655 Cur
958 2602 1089 2655 haec
1108 2603 1332 2656 filentio
1357 2607 1629 2669 praeterit,
1656 2619 1782 2664 nec,
1808 2607 1891 2656 vti
1917 2604 2126 2666 decuit,
2152 2607 2216 2656 in
2240 2605 2504 2657 medium

299 2670 570 2724 adducit?
602 2673 860 2725 Mutatio
893 2673 1122 2735 coloriS‚
1156 2674 1228 2727 de
1258 2691 1378 2739 qua
1404 2691 1545 2727 mox
1577 2675 1853 2739 loquitur,
1885 2674 2007 2727 solo
2040 2678 2255 2727 intuitu
2287 2675 2502 2740 absque

298 2742 432 2794 vllis
452 2742 706 2808 Organis
727 2744 970 2796 discerni
989 2751 1232 2810 poterat.
1253 2746 1414 2798 Licet
1432 2762 1508 2798 ne
1528 2746 1684 2798 hanc
1704 2746 1944 2810 quidem
1962 2745 2096 2798 satis
2116 2753 2386 2799 accurate
2407 2747 2502 2799 de-

298 2815 530 2874 notarit,
561 2815 1066 2878 quemadmodum
1094 2822 1251 2880 patet
1280 2832 1353 2868 ex
1382 2819 1453 2883 ijs
1482 2833 1618 2881 quae
1645 2816 1791 2882 Cap.
1819 2817 1852 2869 3
1879 2820 2031 2869 circa
2057 2818 2268 2870 coloris
2294 2818 2500 2870 altera-

296 2887 521 2936 tionem
540 2885 863 2938 retulimus,
892 2886 985 2939 Sic
1005 2886 1165 2951 quod
1185 2903 1222 2939 a
1242 2887 1438 2940 colore
1459 2891 1586 2940 eius
1606 2890 2003 2950 ratiocinatur,
2028 2888 2269 2941 Stellam
2288 2888 2444 2941 hanc
2464 2905 2502 2942 a

298 2956 441 3007 Ioue
462 2955 515 3007 81
534 2956 730 3008 Marte
752 2956 909 3009 fuisse
929 2958 1249 3019 accensam,
1277 2965 1432 3011 caret
1459 2961 1624 3011 omni
1648 2959 1793 3012 iusta
1818 2959 2258 3024 approbatione.
2287 2960 2499 3025 Neque

297 3029 457 3078 enim
489 3026 684 3079 Stellae
717 3027 924 3080 Stellas
956 3029 1283 3082 accendunt
1314 3036 1417 3082 aut
1453 3033 1826 3096 progignunt:
1866 3030 2014 3083 alias
2051 3031 2500 3083 innumerabilis

294 3113 565 3162 peneque
591 3097 824 3151 infinita
848 3098 996 3152 foret
1020 3099 1152 3152 talis
1175 3100 1583 3165 multiplicatio
1602 3117 1711 3154 nec
1731 3101 1919 3167 ipsum
1941 3102 2175 3155 Caelum
2194 3108 2278 3154 tot
2297 3102 2498 3155 Stella-

295 3184 429 3220 rum
449 3169 521 3221 de
541 3184 705 3221 nouo
724 3169 1084 3234 pullulantes
1103 3170 1290 3232 faetuS‚
1312 3187 1520 3237 capere
1539 3172 1849 3225 sustineret.
1871 3173 1941 3225 Et
1954 3173 1996 3224 fi
2010 3173 2323 3226 Cometam
2341 3173 2498 3226 fuisse

294 3239 450 3292 hanc
471 3239 728 3301 Stellam,
756 3241 1261 3306 quemadmodum
1285 3243 1481 3308 postea
1505 3246 1824 3309 improprie
1843 3251 2030 3305 vocat,
2058 3244 2292 3306 censuit,
2320 3251 2496 3310 atque

294 3310 454 3363 hunc
487 3326 518 3363 e
550 3312 870 3377 vaporibus
901 3312 1058 3365 ficcis
1089 3316 1152 3365 in
1183 3314 1339 3366 Aere
1370 3314 1671 3367 sublunari
1703 3315 2084 3376 concrescere,
2117 3323 2176 3368 vt
2206 3316 2498 3368 somniant

294 3382 662 3444 Aristotelici;
684 3390 860 3448 atque
880 3383 1050 3436 illum
1067 3400 1099 3436 e
1117 3392 1273 3437 certo
1291 3385 1562 3438 Siderum
1580 3386 1768 3451 pofitu
1787 3387 1943 3439 allici
1963 3394 2139 3452 atque
2160 3388 2427 3510 εοοεὲξὶιίὴ
2438 3395 2497 3439 vt

437 3464 505 3500 28·
2315 3475 2344 3510 r
2431 3474 2498 3510 ra
