2976 4264
672 314 1554 370 PROGYMNASMATUM
1580 313 1896 369 TERTIA
1922 314 2125 370 PARS
2401 314 2505 370 273

297 459 537 524 addam)
549 462 865 525 requiritur
874 459 1148 512 sedulitas
1160 459 1212 511 &
1224 458 1674 525 circumspectiO,
1685 461 1806 512 vna
1816 475 1951 512 cum
1963 459 2331 512 Instrumenti
2341 459 2506 511 vndi-

299 547 537 597 quaque
556 530 811 596 perfecta
830 530 1251 584 constructione
1273 531 1326 583 &
1346 532 1734 593 ordinatione,
1757 547 1939 596 quam
1959 530 2208 583 Nolthio
2228 530 2392 592 forte,
2413 530 2508 583 vel

300 605 489 656 cuiuis
515 603 699 664 alteri,
727 605 830 667 qui
855 618 980 655 non
1009 603 1237 655 diutina
1263 603 1639 668 Experientia
1666 602 1776 655 has
1806 618 2016 668 operas
2047 606 2320 663 exercuit,
2351 603 2404 655 &
2432 602 2507 655 ad

298 674 576 727 incudem
600 675 874 726 Veritatis
902 677 1224 735 reuocauit,
1254 677 1317 726 in
1344 681 1606 726 mentem
1629 677 1871 727 venerit.
1903 675 1973 726 Et
1997 674 2039 725 fi
2065 673 2346 726 Nolthius
2372 673 2507 738 ipse,

226 763 249 798 5
298 746 394 798 vel
412 746 566 798 alius
586 745 891 810 quispiam,
912 745 1025 797 hac
1045 745 1117 797 de
1138 760 1200 797 re
1221 745 1462 806 dubitat,
1482 746 1736 798 instituat
1748 748 1981 811 pariter,
2004 745 2509 810 quemadmodum

298 817 373 870 ab
393 817 496 869 illo
515 814 840 869 factitatum
861 816 952 877 est,
973 819 1037 868 in
1052 816 1312 881 qualibet
1325 816 1663 869 Affixarum
1677 817 2007 877 Stellarum,
2029 817 2358 882 periculum
2371 816 2507 868 faci-

300 889 436 941 endi
457 889 660 948 caussa,
681 887 928 939 similem
948 890 1474 941 examinationem:
1494 891 1694 953 vtique
1714 889 1820 940 nifi
1839 891 2052 941 maiori
2073 904 2231 949 cura,
2258 888 2508 954 alijsque

298 960 508 1025 medijs
533 961 838 1024 negotium
862 958 1182 1023 perfecerit,
1210 958 1402 1012 Stellis
1429 962 1607 1012 etiam
1633 960 1808 1022 Fixis,
1836 975 1961 1012 non
1985 963 2295 1021 minorem,
2327 975 2510 1024 quam

298 1031 439 1084 huic
459 1031 658 1083 Nouae
678 1030 1017 1083 Parallaxin
1044 1030 1187 1095 (qua
1211 1037 1414 1083 tamen
1439 1034 1687 1083 omnino
1714 1030 1935 1095 carent)
1962 1030 2204 1083 subinde
2227 1030 2370 1083 falso
2391 1031 2508 1083 assi-

210 1119 252 1155 10
300 1102 516 1169 gnabit,
544 1102 597 1154 &
622 1117 749 1154 rem
773 1104 837 1154 in
862 1117 1034 1167 aeque
1060 1117 1357 1168 magnam,
1389 1102 1569 1155 modo
1602 1118 1727 1154 non
1756 1105 2047 1155 maiorem
2078 1102 2508 1163 absurditatem,

302 1174 564 1227 deducet.

373 1246 664 1298 Praeterea
683 1244 725 1296 fi
745 1244 925 1298 Stella
943 1243 1074 1297 haec
1091 1245 1275 1298 Noua
1287 1248 1351 1297 in
1364 1245 1691 1298 Altitudine
1705 1245 1763 1298 P.
1779 1246 1863 1298 77.
1886 1245 2222 1298 Parallaxin
2243 1245 2509 1305 obtinuit,

303 1317 390 1370 M.
412 1317 498 1378 39,
526 1332 660 1369 eam
683 1319 747 1368 in
771 1316 980 1368 infima
1005 1316 1354 1378 decliuitate‚
1382 1317 1623 1381 quando
1642 1317 1760 1369 illic
1780 1317 1839 1369 P.
1860 1317 1961 1371 2342
1981 1317 2340 1378 eleuabatur,
2368 1332 2510 1381 qua-

304 1388 516 1453 druplo
529 1391 820 1440 maiorem
832 1387 1167 1441 reddidisset.
1184 1388 1338 1452 Quae
1352 1388 1489 1440 sane
1504 1389 1819 1454 diuagatiO,
1833 1388 1929 1440 vel
1940 1388 2074 1440 solis
2089 1388 2274 1440 oculis
2289 1388 2511 1452 absque

214 1477 256 1512 15
305 1460 708 1521 Instrument0‚
729 1459 931 1512 habito
950 1459 1153 1511 saltem
1171 1457 1431 1524 respectu
1449 1462 1782 1512 vicinarum
1801 1460 2098 1521 Fixarum‚
2126 1458 2512 1525 dignoscibilis

303 1531 581 1585 facillime
603 1537 742 1584 erat.

374 1603 599 1656 Verum
617 1609 679 1654 vt
697 1602 757 1654 id
777 1602 938 1667 quod
953 1602 1134 1654 modo
1149 1602 1422 1663 diximuS,
1443 1602 1782 1655 Pa‘rallaxin
1794 1603 2078 1664 videlicet,
2099 1605 2162 1654 in
2176 1605 2374 1654 citima
2387 1601 2511 1654 alti-

303 1675 524 1736 tudine,
539 1674 690 1726 adeo
705 1689 1013 1726 enormem
1025 1673 1519 1726 &intolerabilem
1533 1689 1607 1725 ex
1618 1674 1947 1726 Nolthiana
1961 1674 2321 1726 dimensione
2335 1673 2512 1738 sequi,

303 1748 632 1812 promptius
654 1745 706 1797 &
727 1747 938 1797 certius
956 1744 1293 1805 innotescat,
1319 1745 1582 1810 sequenti
1601 1745 1951 1811 figuratione
1970 1748 2034 1797 in
2054 1760 2335 1797 numeros
2357 1745 2513 1797 Geo-

210 1834 257 1870 20
304 1820 543 1870 metrice
562 1816 830 1878 resoluta,
851 1815 966 1868 hoc
985 1816 1175 1882 ipsum
1194 1816 1709 1869 manifestabimus,
1732 1812 1752 1886 ΙΙ

187 1898 274 1942 760
377 1889 462 1942 Sit
479 1889 576 1941 hic
595 1889 652 1940 A
674 1888 963 1941 Centrum
981 1887 1199 1949 Terrae,
1226 1888 1344 1948 BF,
1372 1888 1672 1952 quadrans
1692 1889 1764 1941 de
1785 1891 1913 1941 eius
1931 1887 2250 1953 superficie,
2271 1888 2400 1948 AE,
2428 1903 2513 1939 re-

305 1960 504 2026 spiciat
522 1959 738 2013 Zenith
758 1960 1054 2025 Capitum‚
1078 1959 1220 2021 AG,
1247 1959 1644 2011 Horizontem
1662 1975 1887 2012 verum.
1916 1959 2234 2024 Quadrans
2255 1958 2514 2020 ECDG,

306 2038 686 2085 remoueatur
697 2037 929 2084 tantum
943 2047 981 2083 a
993 2030 1193 2093 Terra,
1212 2037 1502 2096 quantum
1516 2031 1622 2083 Pa-

306 2104 547 2157 rallaxis
568 2103 836 2156 Cometae
857 2102 1188 2155 Nolthiana
1207 2105 1398 2168 exigit.
1422 2102 1624 2167 Sitque
1668 2088 1715 2134 Ε

212 2192 258 2228 25
308 2175 488 2228 Stella
500 2177 667 2227 iuxta
681 2174 749 2236 C,
765 2175 1006 2239 quando
1022 2173 1440 2226 obseruabatur
1453 2176 1517 2226 in
1524 2174 1625 2226 Al-

307 2247 471 2299 titud.
492 2246 552 2298 P.
567 2247 658 2299 77:
680 2244 984 2311 ductisque
998 2262 1035 2298 a
1050 2245 1271 2298 Centro
1292 2244 1345 2297 &
1364 2244 1627 2298 verticali

309 2317 779 2371 circumferentia
790 2316 991 2369 Terrae
1010 2317 1199 2378 lineiS,
1222 2319 1328 2369 erit
1340 2316 1625 2382 Triangu-

309 2389 402 2442 lus
422 2389 612 2450 BCA,
639 2389 914 2442 datorum
933 2388 1310 2454 Angulorum
1337 2390 1625 2440 omnium.

310 2461 472 2514 Nam
484 2460 758 2526 Angulus
778 2459 967 2522 BCA,
990 2463 1093 2525 qui
1106 2459 1444 2512 Parallaxin
1462 2462 1626 2511 meti-

215 2549 262 2586 30
310 2539 405 2585 tur
429 2535 493 2584 in
517 2531 846 2584 Altitudine
871 2529 1166 2596 praedicta,
1195 2531 1286 2592 est,
1313 2533 1479 2583 iuxta
1504 2533 1626 2594 opi-

310 2606 556 2656 nionem
581 2603 829 2668 Nolthij,
859 2603 918 2654 Ρ.
939 2602 989 2655 0.
1013 2600 1049 2668 l.
1071 2602 1156 2655 39.
1183 2601 1456 2667 Angulus
1484 2616 1627 2653 vero

310 2675 423 2727 AB
434 2674 502 2736 C,
534 2674 609 2726 est
635 2674 1158 2739 Complementum
1183 2673 1465 2725 distantiae
1490 2672 1627 2724 visae
1667 2685 1709 2725 Β
1747 2696 1772 2711 ⁴

312 2748 575 2799 avertice
595 2745 672 2797 ad
692 2745 842 2797 duos
862 2742 1070 2796 rectos:
1094 2744 1371 2808 Cumque
1390 2743 1521 2795 haec
1540 2758 1626 2794 re-

311 2816 670 2882 praesentans
683 2815 990 2881 Angulum
1006 2815 1187 2876 EBC,
1205 2831 1242 2866 a
1259 2813 1507 2866 Nolthio
1528 2814 1627 2866 ob·
1669 2816 1718 2872 A
1820 2857 1862 2896 F
2477 2840 2518 2885 (ἲ

217 2906 264 2942 35
312 2888 543 2941 seruata
562 2887 625 2939 fit
643 2887 702 2939 P.
718 2887 791 2939 13.
809 2884 845 2952 l.
860 2886 911 2948 Ο,
933 2886 1131 2938 euadit
1151 2884 1336 2938 dictus
1355 2885 1628 2950 Angulus

313 2960 372 3011 P.
388 2959 497 3012 167.
519 2956 553 3020 l.
568 2959 618 3011 O.
639 2957 912 3023 Angulus
932 2973 1074 3009 vero
1093 2959 1296 3009 tertius
1316 2956 1494 3017 BAC,
1516 2955 1591 3007 est
1610 2955 1828 3007 horum
1848 2955 2104 3007 duorum
2124 2953 2518 3018 complemen-

312 3038 438 3083 tum
460 3030 536 3082 ad
556 3028 1019 3089 Semicirculum,
1045 3028 1165 3080 fiue
1188 3027 1338 3079 duos
1358 3025 1581 3087 ReclOS,
1608 3033 1669 3078 vt
1693 3027 1877 3091 liquet
1897 3041 1970 3078 ex
1989 3026 2308 3077 Elementis
2329 3024 2518 3076 Eucli-

314 3102 455 3154 deiS.
478 3100 680 3164 Quare
701 3115 837 3152 cum
856 3102 1081 3164 priores
1102 3100 1222 3151 duo
1241 3098 1411 3150 fimul
1429 3096 1611 3150 iuncti
1632 3097 1888 3150 efficiant
1901 3103 2094 3161 partes
2109 3097 2217 3149 167.
2233 3094 2268 3162 Ι.
2282 3096 2367 3157 39,
2388 3111 2519 3160 pro-

315 3175 515 3225 ueniet
538 3171 812 3236 Angulus
838 3170 1016 3232 BAC‚
1043 3170 1339 3222 residuum
1363 3169 1631 3221 videlicet
1657 3169 1732 3222 ad
1758 3169 1868 3229 180,
1895 3169 1953 3220 Ρ.
1979 3169 2051 3220 12.
2082 3165 2116 3234 Ι.
2138 3168 2211 3219 21.
2241 3167 2522 3220 Constant

219 3261 268 3296 40
316 3247 504 3310 igitur,
530 3249 591 3295 vt
616 3243 752 3303 dixi,
781 3257 989 3294 omnes
1014 3248 1129 3293 tres
1149 3241 1393 3306 Anguli:
1422 3240 1624 3305 Quare
1650 3240 1803 3293 latus
1825 3239 1957 3300 CA,
1983 3238 2374 3304 subterfugere
2397 3254 2522 3289 non

315 3315 510 3380 potest.
543 3313 900 3366 Assumendo
928 3316 1088 3365 enim
1115 3313 1244 3373 BA,
1277 3312 1491 3365 Semid.
1518 3311 1719 3364 Terrae
1748 3327 1856 3376 pro
1885 3309 2213 3363 miliaribus
2238 3310 2359 3370 860,
2389 3325 2520 3374 pro-

316 3388 480 3438 uenit
499 3385 611 3438 AC
638 3384 964 3437 eorundem
989 3384 1169 3444 17053,
1197 3386 1590 3436 remotionem
1616 3382 1811 3436 Stellae
1839 3385 2004 3434 iuxta
2028 3380 2256 3446 Nolthij
2286 3380 2520 3504 Ἐέειοίῐει,

459 3467 506 3503 35
2243 3467 2281 3504 a
2355 3458 2521 3503 entro
