2976 4264
685 290 1567 347 PROGYMNASMATUM
1593 292 1908 345 TERTIA
1934 293 2138 346 PARS
2413 294 2517 347 275

308 438 482 491 thius,
498 437 711 490 Mirari
724 439 922 501 itaque
936 435 1069 488 satis
1083 450 1334 500 neque0,
1351 436 1511 500 quod
1524 435 1628 501 sua
1641 442 1764 488 tam
1777 436 2059 497 inualida,
2075 442 2252 501 atque
2267 436 2341 489 ab
2354 439 2518 488 omni

309 509 652 563 certitudine
678 507 892 568 aliena,
919 507 1058 559 huic
1079 507 1332 572 Principi
1352 523 1478 559 rem
1497 513 1681 560 totam
1701 507 1890 560 multo
1910 511 2240 560 accuratius
2260 515 2516 561 contem-

306 581 493 647 planti
514 580 566 633 &
586 580 938 639 decernenti,
960 577 1188 639 offerre,
1211 584 1387 643 atque
1408 579 1485 631 ad
1506 595 1645 631 eum
1663 586 1951 644 tanquam
1971 579 2291 639 Arbitrum,
2319 580 2516 645 appel-

307 653 448 714 lare,
464 668 589 704 non
602 651 665 704 fit
678 653 913 703 veritus
937 650 1007 702 Et
1021 649 1181 714 quod
1194 653 1455 702 maxime
1470 650 1747 702 indecens
1763 651 1854 712 est,
1874 650 2154 717 figmenta
2167 651 2239 703 de
2255 651 2518 704 Cometis

235 741 258 776 5
306 723 686 784 Aristotelica,
713 722 845 787 ipfis
870 720 1315 782 fumofitatibuS,
1344 737 1375 773 e
1403 722 1616 786 quibus
1637 738 1739 774 eos
1760 725 1988 784 extruit,
2012 725 2278 784 vaniora,
2306 726 2515 788 magis-

306 811 422 861 que
449 794 723 855 euanida,
756 792 1280 847 obseruationibus
1306 792 1726 845 Astronomicis
1751 793 1998 846 stabilire
2026 801 2294 846 conatur:
2324 794 2515 859 ficque

303 866 610 919 falsitatem
647 865 993 930 approbare,
1033 863 1439 916 certitudinem
1475 864 1946 917 Astronomicam
1984 865 2036 917 &
2077 865 2517 918 Geometricam

305 940 710 991 contaminare
725 952 915 1001 eaque
930 936 1108 996 abuti,
1124 942 1301 1000 atque
1315 936 1778 988 manifestissimae
1794 937 2203 1002 Experientiae‚
2220 937 2516 989 diuersum

305 1009 624 1062 ostendenti
651 1008 1067 1068 contradicere,
1093 1007 1190 1059 vel
1214 1007 1453 1072 ipsemet
1478 1010 1758 1073 ignorans
1786 1008 1945 1073 (data
1969 1011 2129 1060 enim
2149 1010 2331 1073 opera
2350 1014 2410 1060 vt
2428 1011 2514 1060 in-

212 1098 255 1133 10
303 1087 645 1142 ueteratam,
674 1095 795 1145 qua
819 1078 1079 1131 imbutus
1106 1085 1245 1140 erat,
1272 1079 1595 1131 Aristotelis
1621 1082 1967 1144 opinionem
1987 1086 2263 1141 tueretur,
2291 1080 2351 1132 id
2378 1095 2516 1132 eum

303 1153 485 1206 fecisse
512 1167 637 1204 non
662 1150 1030 1215 crediderim)
1060 1153 1238 1202 nimis
1263 1149 1541 1204 audacter
1568 1151 1948 1216 praesumpfit:
1979 1151 2054 1203 Vt
2083 1151 2406 1205 dolendum
2435 1151 2514 1212 fit,

305 1223 636 1284 Nolthium‚
667 1223 815 1275 alias
844 1238 969 1275 non
997 1222 1358 1274 ineruditum
1389 1221 1900 1284 Mathematicum‚
1929 1229 2050 1275 tam
2081 1225 2366 1284 enormia,
2398 1222 2450 1274 &
2478 1239 2515 1275 a

305 1312 367 1348 re
393 1295 515 1360 ipsa
539 1295 907 1355 dissentanea‚
931 1297 995 1346 in
1017 1293 1131 1346 hac
1154 1293 1333 1346 Stella
1360 1293 1683 1359 publicasse,
1715 1293 1928 1359 quibus
1954 1294 2055 1346 sub
2082 1300 2370 1359 praetextu
2397 1294 2513 1347 Ob-

304 1368 706 1420 seruationum
734 1366 1294 1427 Astronomicarum,
1327 1371 1503 1430 atque
1535 1365 1674 1417 hinc
1706 1364 1954 1418 deducta
1982 1365 2511 1426 Demonstratione,

214 1456 256 1491 15
306 1439 359 1491 &
385 1438 651 1499 Calcu10,
681 1441 951 1490 incautos
978 1437 1278 1498 fascinare,
1308 1443 1485 1501 atque
1514 1452 1639 1488 non
1666 1437 1856 1489 solum
1884 1437 1956 1489 de
1985 1436 2098 1489 hac
2128 1436 2322 1498 Stella,
2353 1437 2512 1502 quod

304 1510 635 1563 sublunaris
654 1509 842 1570 fuerit,
863 1508 959 1561 sed
980 1511 1158 1560 etiam
1178 1508 1250 1560 de
1271 1507 1548 1560 omnibus
1566 1508 1846 1570 CometiS‚
1866 1511 2141 1573 iniquum
2155 1508 2208 1560 &
2221 1511 2511 1561 inuetera-

303 1589 431 1635 tum
458 1584 754 1645 nimisque
784 1580 887 1633 diu
914 1586 1214 1645 receptum
1244 1595 1504 1632 errorem
1531 1586 1739 1645 tegere,
1770 1579 1823 1632 &
1852 1579 2220 1641 confirmare,
2249 1579 2512 1645 procliue

303 1654 382 1706 fit.
405 1653 465 1706 Si
484 1653 737 1705 tacuisset
751 1651 803 1704 &
816 1652 1118 1712 iudicium,
1139 1651 1328 1703 donec
1349 1654 1597 1703 certiora
1617 1652 1974 1711 edoceretur,
1995 1651 2371 1717 suspendisset,
2392 1667 2511 1704 rec-

302 1728 418 1778 tius
436 1724 574 1778 sane
594 1723 815 1785 fecisset,
838 1723 890 1775 &
909 1722 1247 1788 Philosophi
1267 1729 1444 1788 atque
1466 1722 1877 1775 Mathematici
1896 1723 2217 1775 Veritatem
2240 1727 2511 1785 amantiS,

207 1813 253 1849 20
301 1803 495 1862 partes
515 1795 729 1848 melius
748 1795 1095 1847 sustinuisset.

373 1868 622 1920 Facessat
632 1869 807 1932 igitur
820 1866 951 1918 haec
963 1865 1293 1918 Nolthiana
1303 1865 1627 1918 Parallaxis
1640 1871 1945 1931 tantopere
1957 1881 1994 1918 a
2003 1872 2126 1918 toto
2139 1866 2307 1919 Caelo
2320 1866 2511 1928 deuia,

301 1946 361 1992 vt
381 1939 623 1992 Stellam
642 1938 816 2003 supra
835 1940 1107 1990 omnium
1126 1937 1502 1990 Planetarum
1526 1937 1780 1990 ambitus
1802 1937 2136 1998 exaltatam,
2157 1937 2377 2003 ipsique
2400 1938 2509 1990 Oc-

300 2017 459 2064 tauae
481 2011 585 2075 (vti
603 2009 840 2074 vocant)
863 2009 1143 2075 Sphaerae,
1165 2008 1426 2071 affixam,
1447 2012 1511 2061 111
1531 2012 1731 2061 aerem
1750 2009 2144 2070 sublunarem,
2170 2011 2313 2061 citra
2333 2025 2510 2061 omne

301 2085 394 2135 ius
424 2082 476 2134 81
504 2082 593 2135 fas
619 2081 944 2142 detrahere,
974 2083 1151 2133 nimis
1179 2080 1486 2133 imbecillis
1510 2080 1733 2133 viribus
1759 2086 2015 2133 attentet.
2046 2081 2287 2132 Interim
2311 2087 2512 2133 tamen

205 2171 251 2206 25
301 2169 438 2219 quae
451 2153 635 2206 tribus
649 2152 1024 2218 sequentibus
1039 2152 1347 2217 Capitibus
1361 2151 1500 2204 huic
1513 2152 1859 2217 superstruit,
1873 2158 1934 2204 vt
1947 2158 2008 2204 vt
2022 2167 2194 2216 aeque
2208 2152 2476 2204 inualida
2490 2147 2511 2220 ΙΙ

183 2234 270 2279 762
300 2225 422 2286 fint,
456 2232 632 2290 atque
661 2227 782 2277 vna
810 2240 946 2277 cum
976 2222 1255 2289 praedicto
1286 2223 1676 2276 fundamento
1704 2223 1910 2289 fragili,
1944 2223 2196 2284 ruinosa,
2229 2223 2509 2288 inspicere

299 2297 748 2362 ponderareque
768 2312 895 2348 non·
911 2298 1439 2361 praetermittemus,

376 2367 591 2435 Capite
612 2367 840 2435 quinte,
863 2367 1058 2420 Stellae
1078 2367 1523 2432 longitudinem,
1545 2366 1597 2418 &
1617 2367 1989 2419 latitudinem
2003 2382 2075 2418 ex
2089 2368 2252 2431 prius
2265 2368 2510 2418 inuenta

299 2439 650 2492 Ascenfione
680 2437 871 2500 Recta,
900 2439 952 2491 &
978 2438 1409 2505 Declinatione‚
1441 2453 1647 2490 eruere
1676 2438 1945 2490 intendit:
1975 2438 2173 2501 Atque
2203 2437 2509 2489 discrimen

204 2527 250 2563 30
299 2511 551 2571 instituit,
571 2513 723 2562 inter
741 2510 941 2562 locum
959 2525 1168 2563 verum
1189 2509 1242 2561 &
1260 2509 1463 2570 visum,
1486 2509 1645 2573 quod
1667 2509 1906 2573 quidem
1925 2508 2263 2560 faciendum
2282 2507 2445 2569 foret,
2466 2508 2507 2560 fi

298 2582 622 2634 Parallaxis
641 2589 764 2634 tam
785 2582 1046 2643 euidens,
1073 2587 1248 2646 prout
1266 2584 1315 2632 is
1336 2579 1706 2646 opinabatur,
1733 2579 1819 2631 illi
1844 2579 2116 2632 adfuisset.
2145 2580 2287 2631 Non
2306 2586 2507 2631 tamen

298 2653 395 2705 hic
417 2653 735 2706 Calculum
760 2653 911 2705 adeo
938 2653 1242 2717 diligenter
1268 2659 1445 2716 atque
1471 2654 1535 2702 in
1559 2651 1852 2715 prioribus
1875 2651 2313 2703 administrauit.
2341 2650 2506 2703 Dum

299 2723 1092 2776 enimveramAscenfionem
1101 2721 1339 2775 Rectam
1349 2719 2503 2788 statuitP.357.l.ll,&declinationemP.61.

301 2793 318 2862 Ι
325 2837 336 2848 .
350 2796 437 2856 49,
453 2795 668 2860 colligit
686 2795 825 2847 hinc
845 2794 1273 2860 longitudinem
1288 2793 1555 2846 Cometae
1569 2808 1774 2845 veram
1786 2795 1850 2845 in
1863 2793 1922 2845 P.
1937 2794 1987 2846 5.
2006 2791 2041 2859 l.
2057 2793 2106 2845 4.
2123 2795 2201 2854 bs:
2224 2794 2293 2845 Et
2312 2793 2503 2845 latitu-

202 2884 249 2919 35
298 2867 498 2919 dinem
512 2869 639 2918 eius
653 2866 711 2918 P.
727 2866 812 2919 54.
831 2863 866 2931 Ι.
881 2866 966 2918 48.
989 2866 1067 2917 At
1086 2881 1196 2917 nos
1217 2881 1290 2917 ex
1310 2864 1512 2930 ijsdem
1531 2864 1695 2926 datis,
1717 2864 2131 2929 praesuppofita
2151 2880 2388 2929 quoque
2410 2867 2503 2916 ea-

298 2938 434 2990 dem
445 2953 627 3002 quam
636 2937 734 2989 ille
746 2936 1014 2989 adhibuit
1024 2936 1438 2988 Declinatione
1450 2935 1723 2988 Maxima
1734 2936 1791 2988 P.
1801 2936 1886 2988 23.
1898 2933 1934 3002 l.
1943 2936 2034 2988 28:
2050 2936 2504 3001 Longitudinem

297 3010 717 3061 adinuenimus
737 3008 796 3060 P.
811 3009 860 3060 4.
879 3006 914 3074 l.
930 3009 998 3061 57
1013 3010 1092 3068 bl:
1115 3010 1241 3059 eius
1260 3007 1543 3072 pofitione
1558 3008 1590 3060 7
1606 3007 1692 3059 M.
1714 3010 2085 3059 anteriorem.
2108 3006 2504 3059 Latitudinem

297 3080 486 3132 noster
500 3079 782 3132 Calculus
801 3079 1022 3144 praebet
1041 3079 1100 3130 P.
1114 3079 1201 3131 54.
1219 3076 1254 3144 Ι.
1269 3079 1355 3139 52,
1377 3085 1631 3143 quatuor
1652 3078 1951 3144 Scrupulis
1972 3081 2099 3130 eius
2119 3081 2514 3136 annotatione,

296 3154 606 3204 maiorem:
635 3151 799 3203 haud
825 3151 992 3203 aliter
1011 3153 1075 3202 in
1093 3150 1458 3215 longitudine
1478 3156 1655 3214 atque
1681 3149 1988 3202 latitudine
2008 3149 2144 3211 visa,
2170 3149 2502 3214 supputatio

202 3239 248 3274 40
296 3222 471 3282 illius,
492 3222 700 3274 nostrae
720 3225 918 3274 minus
939 3220 1138 3274 exacte
1156 3221 1452 3273 consentit.
1474 3221 1631 3274 Cum
1652 3223 1812 3273 enim
1831 3224 1880 3273 is
1900 3221 2328 3286 longitudinem
2347 3220 2503 3274 hanc

295 3294 503 3346 statuat
515 3294 574 3346 P.
590 3295 639 3346 5.
658 3291 692 3359 Ι.
708 3294 776 3346 57
792 3295 848 3354 ὅ
859 3334 871 3354 ,
889 3295 1008 3345 vna
1022 3308 1158 3345 cum
1170 3292 1477 3345 latitudine
1492 3293 1550 3345 P.
1566 3293 1651 3345 55.
1670 3290 1705 3358 Ι.
1721 3293 1771 3354 0,
1786 3309 1896 3345 nos
1909 3292 2337 3358 longitudinem
2349 3308 2501 3357 pene

296 3365 346 3417 8.
367 3365 549 3429 scrup.
570 3365 906 3417 vlteriorem
925 3364 1361 3424 adinuenimuS‚
1383 3363 1825 3416 &latitudinem
1844 3365 1893 3416 5.
1914 3364 2096 3429 scrup.
2118 3366 2502 3486 minorem.At

438 3447 507 3482 3⁵·
