2976 4264
610 312 1493 370 PROGYMNASMATUM
1520 313 1836 368 TERTIA
1861 315 2066 370 PARS
2359 317 2463 371 207

327 454 446 499 Hoc
468 454 621 499 Sidus
640 467 748 499 non
769 456 1005 500 decreuit
1025 467 1267 511 corpore,
1296 456 1383 500 sed
1407 456 1583 511 potius
1607 455 1761 499 altius
1780 456 1832 498 in
1852 456 2271 500 Firmamentum
2293 458 2466 501 ascen-

255 514 345 567 dit,
372 525 497 558 cum
523 515 726 558 nullam
750 516 868 559 ullis
892 516 1224 571 temporibus
1242 515 1540 559 Parallaxin
1565 514 1764 559 fecerit.
1793 515 2080 571 Opiniones
2106 527 2231 572 ergo
2246 527 2463 572 eorum,

256 574 344 629 qui
376 573 674 618 existimant
702 574 829 618 talia
862 575 1065 619 ostenta
1095 575 1149 619 in
1178 574 1497 620 Elementari
1525 574 1750 630 Regione
1781 575 1994 627 uersari,
2029 576 2276 631 exemplo
2308 576 2464 620 huius

255 632 449 676 Sideris
471 633 662 677 saluari
680 645 789 678 non
807 634 1026 690 possunt.

326 693 386 735 Et
406 705 717 748 quanquam
735 694 1103 738 uerifimilibus
1123 694 1447 750 argumentis
1466 697 1783 749 proponant,
1806 694 2056 738 Cometas
2077 695 2118 737 81
2139 695 2242 738 alia
2263 695 2464 739 ostenta

255 752 390 808 gigni
416 764 483 796 ex
509 753 934 798 exhalationibus
960 754 1108 798 siccis
1129 755 1170 797 81
1190 754 1391 806 calidis,
1420 765 1484 798 ac
1510 754 1563 797 in
1591 753 1890 797 summitate
1909 753 2059 797 Aeris
2083 754 2226 798 circa
2245 755 2464 799 Terram

255 812 420 856 uolui:
450 812 849 866 speculationes
870 816 1053 857 tamen
1074 815 1208 857 tales
1228 813 1765 858 demonstrationibus
1784 824 1892 857 non
1913 813 2248 857 confirmant.
2277 814 2466 858 Aristo·

254 872 385 915 teles
412 872 627 926 quidem
649 872 702 915 in
726 872 764 916 l.
787 872 873 917 lib.
897 873 1295 928 Meteorologiae
1316 885 1432 928 cap.
1455 872 1483 916 8
1503 873 1545 916 81
1564 872 1592 916 9
1613 875 1842 926 quatuor
1866 872 2262 928 praecipuorum
2283 874 2467 918 Come-

136 930 224 974 694
254 933 435 974 tarum
455 931 781 975 mentionem
802 931 944 984 facit,
967 932 1057 987 qui
1074 932 1329 976 fulserunt
1346 932 1510 975 Annis
1522 932 1611 975 410
1625 929 1646 991 ΙΙ
1661 932 1702 974 81
1714 931 1817 975 341.
1841 935 1963 975 ante
1980 932 2240 976 Christum
2261 936 2463 985 natum,

164 997 206 1032 10

179 1050 207 1093 t

166 1294 207 1329 15

159 1889 205 1923 25

164 2483 211 2518 35

165 2779 213 2814 40

166 3076 213 3111 45

167 3370 212 3406 50

255 991 466 1042 Ε110100,
493 990 731 1042 Aristaeo,
760 992 802 1035 ἃ
829 991 1163 1035 Nicomacho
1183 991 1402 1036 Athenis
1427 991 1788 1047 regnantibus:
1815 1002 1924 1035 non
1944 995 2124 1036 autem
2145 992 2466 1037 demonstra-

256 1049 487 1093 tionibus
507 1050 700 1104 probat
721 1062 814 1094 eos
833 1050 887 1094 in
906 1051 1226 1095 Elementari
1246 1051 1470 1107 Regione
1490 1050 1720 1095 extitisse.

328 1108 484 1160 Quod
503 1121 634 1153 uero
654 1110 759 1154 hoc
774 1110 929 1154 Sidus
942 1110 996 1154 in
1009 1111 1328 1154 Elementari
1342 1110 1566 1166 Regione
1586 1111 1768 1154 locum
1783 1110 1932 1153 suum
1947 1122 2055 1154 non
2068 1110 2280 1163 habeat,
2303 1111 2464 1154 etiam

258 1168 366 1211 sola
387 1169 591 1212 oculari
610 1168 978 1224 conspectione
999 1170 1202 1224 absque
1215 1170 1576 1214 Instrumentis
1597 1170 1948 1214 demonstrari
1966 1171 2148 1225 potest.
2173 1171 2372 1214 Notum
2393 1171 2466 1214 est

257 1227 400 1271 enim
420 1227 684 1280 omnibus,
707 1228 796 1283 qui
808 1228 1066 1284 Principia
1078 1230 1448 1274 Astronomica
1465 1232 1674 1273 tantum
1692 1229 2045 1284 degustarunt,
2069 1230 2228 1285 quod,
2250 1231 2464 1285 quando

258 1287 410 1330 Luna
432 1287 663 1331 declinat
683 1300 715 1331 a
735 1288 935 1333 uertice
957 1289 1029 1332 50.
1055 1289 1142 1332 Gr.
1163 1292 1290 1333 tunc
1310 1290 1481 1332 Arcus
1507 1288 1819 1332 diuersitatis
1838 1287 2089 1343 Aspectus
2114 1289 2168 1332 in
2193 1290 2465 1333 latitudine

256 1346 455 1390 habeat
473 1347 510 1390 1.
529 1347 688 1390 Grad.
705 1348 747 1390 7.
765 1348 947 1403 Scrup.
972 1348 1140 1392 Lunae
1154 1351 1336 1392 autem
1350 1348 1624 1392 Diameter
1638 1348 1995 1392 communiter
2007 1348 2172 1392 habet
2189 1349 2262 1392 30.
2279 1349 2462 1404 Scrup.

253 1406 294 1448 81
310 1409 532 1461 apparet
545 1406 698 1450 nobis
713 1418 820 1461 quo
835 1408 904 1451 ad
911 1406 1194 1462 Asped’tum
1208 1408 1446 1451 nostrum
1459 1407 1608 1462 pedis
1622 1407 1940 1452 communis.
1964 1407 2146 1463 Capiet
2163 1419 2286 1463 ergo
2306 1420 2463 1452 arcus

253 1465 564 1509 diuersitatis
591 1465 829 1521 aspectus
857 1466 1197 1510 interuallum
1222 1468 1327 1512 loci
1352 1467 1656 1522 apparentis
1676 1468 1717 1510 81
1736 1466 1851 1510 ueri
1870 1479 1976 1521 quo
1997 1468 2067 1511 ad
2086 1466 2355 1522 aspectum
2375 1479 2465 1512 no-

255 1525 417 1568 strum
444 1526 630 1568 ulnam
662 1538 842 1569 unam.
874 1526 1131 1570 Distantia
1158 1530 1340 1571 autem
1365 1527 1471 1574 loci
1496 1526 1716 1570 alicuius
1745 1527 1799 1570 in
1827 1527 2145 1570 Elementari
2175 1528 2399 1582 Regione
2432 1540 2463 1570 a

254 1584 445 1628 Centro
476 1584 662 1628 Mundi
688 1585 748 1628 26
776 1585 1324 1638 semidiametrorum‚
1355 1586 1561 1642 praebet
1581 1586 1625 1630 2.
1651 1586 1739 1629 Gr.
1765 1585 2076 1630 diuerfitatis
2109 1585 2362 1641 aspectus,
2394 1586 2465 1630 di-

255 1644 442 1687 stantia
466 1644 526 1687 20
551 1644 1083 1689 semidiametrorum
1108 1646 1151 1689 2.
1179 1646 1266 1690 Gr.
1293 1646 1367 1689 30.
1393 1646 1576 1701 Scrup.
1605 1645 1709 1689 Sed
1735 1645 1977 1689 distantia
2006 1646 2074 1689 15.
2103 1646 2461 1690 Semidiamet.

255 1714 412 1747 arcus
432 1703 744 1747 diuerfitatis
764 1703 1015 1760 Asped’tus
1034 1705 1077 1749 3.
1102 1705 1311 1749 Gradus
1331 1705 1488 1761 capit.

325 1762 379 1806 Si
395 1774 519 1818 ergo
539 1763 645 1807 hoc
659 1763 813 1807 Sidus
828 1777 861 1807 a
875 1765 1066 1808 Centro
1082 1764 1267 1808 Mundi
1280 1765 1339 1808 26
1353 1764 1770 1808 semidiametris
1782 1764 1960 1807 Terrae
1973 1767 2183 1807 tantum
2197 1766 2464 1808 eleuatum

254 1821 511 1874 existeret,
542 1823 664 1867 esset
687 1824 858 1867 Arcus
883 1824 1170 1868 Parallaxis
1200 1825 1430 1868 duarum
1458 1825 1722 1868 ulnarum.
1753 1823 1806 1866 Si
1833 1823 1892 1867 20
1917 1824 2462 1875 semidiametrorum‚

255 1881 527 1925 diuersitas
546 1881 798 1937 Aspecstus
818 1884 952 1927 duas
970 1884 1124 1927 ulnas
1145 1895 1270 1928 cum
1291 1883 1487 1928 semisse
1507 1883 1821 1927 contineret:
1851 1883 1892 1926 81
1915 1884 1951 1926 11
1976 1883 2028 1926 15
2048 1883 2464 1927 semidiametris

255 1941 378 1984 hinc
404 1941 632 1994 distaret,
663 1943 959 1986 Parallaxin
982 1943 1144 1986 trium
1169 1944 1418 1987 ulnarum
1444 1943 1796 1987 constitueret.
1824 1943 1885 1985 Et
1909 1942 2030 1986 inde
2052 1943 2355 1997 sequeretur
2380 1955 2466 1986 ne-

255 2000 488 2053 cessario‚
511 2002 654 2056 quod
669 2001 886 2045 Nouum
905 2002 1010 2046 hoc
1026 2002 1180 2046 Sidus
1193 2003 1246 2046 in
1260 2003 1613 2048 declinatione
1628 2003 1832 2045 maiore
1847 2002 2270 2057 Septentrionem
2287 2002 2464 2046 uersus

253 2060 392 2103 infra
411 2060 630 2104 Stellam
651 2061 935 2116 Cassiopeae
960 2062 1320 2115 undecimam,
1348 2074 1444 2118 per
1464 2062 1687 2117 spatium
1714 2063 1942 2105 duarum
1962 2063 2212 2105 ulnarum
2233 2063 2462 2106 caderet.

240 2119 411 2163 ‘Certo
437 2122 618 2164 autem
644 2121 864 2174 constat,
893 2122 1036 2176 quod
1061 2122 1348 2166 undecima
1374 2122 1534 2166 Stella
1559 2121 1612 2164 in
1637 2121 1933 2165 Meridiano
1955 2121 2182 2165 Boream
2206 2122 2387 2165 uersus
2412 2121 2466 2164 in

255 2178 495 2222 maxima
521 2180 872 2225 declinatione
898 2193 931 2224 a
955 2181 1156 2225 uertice
1180 2182 1461 2226 interuallo
1486 2181 1561 2233 40,
1582 2180 1656 2233 45,
1678 2181 1736 2224 50
1755 2181 2137 2235 Scrupulorum
2162 2192 2302 2224 nunc
2328 2180 2466 2223 infra

256 2238 472 2282 Nouum
498 2239 652 2283 Sidus
678 2240 886 2295 semper
909 2240 1152 2285 extiterit.
1182 2241 1302 2285 Hoc
1328 2252 1458 2285 uero
1486 2241 1640 2284 Sidus
1666 2241 1828 2284 etiam
1857 2251 1997 2284 nunc
2026 2240 2365 2284 interuallum
2389 2239 2462 2283 50.

255 2297 438 2353 Scrup.
465 2298 593 2350 fere,
622 2302 737 2342 tam
764 2299 1189 2355 Septentrionem
1213 2301 1412 2353 uersus,
1444 2312 1608 2356 quam
1634 2299 1778 2344 circa
1807 2299 2064 2344 uerticem
2089 2300 2144 2343 in
2170 2299 2464 2343 Meridiano

254 2357 458 2401 retinet.

327 2417 402 2459 Ex
420 2417 524 2461 hac
546 2429 670 2473 ergo
693 2418 967 2462 communi
986 2419 1190 2463 oculari
1211 2418 1673 2464 Demonstratione
1694 2429 1906 2474 quoque
1927 2418 2169 2472 sequitur,
2190 2418 2294 2461 hoc
2313 2417 2465 2460 Sidus

259 2475 312 2518 in
337 2477 655 2520 Elementari
683 2477 906 2533 Regione
930 2478 1111 2523 locum
1139 2479 1289 2522 suum
1314 2479 1514 2523 habere
1539 2489 1648 2522 non
1673 2477 1834 2532 posse:
1863 2489 2026 2532 0113111
2054 2477 2465 2532 speculationem

260 2535 621 2580 adolescentes
648 2537 702 2580 in
730 2535 971 2581 doctrina
996 2538 1366 2582 Astronomica
1394 2537 1735 2582 mediocriter
1762 2536 1970 2588 uersati,
2001 2536 2156 2579 facile
2184 2536 2467 2591 intelligere

259 2594 478 2650 possunt.

331 2654 393 2696 Et
410 2657 469 2696 ut
488 2665 700 2709 quoque
721 2655 1022 2710 significem,
1043 2656 1097 2699 in
1117 2668 1222 2711 quo
1244 2655 1695 2700 Dodecatemorio
1715 2654 1945 2706 Zodiaci,
1975 2654 2263 2698 secundum
2283 2653 2468 2709 Longi-

259 2712 498 2756 tudinem
519 2713 559 2755 81
580 2713 939 2758 Latitudinem
959 2715 1159 2766 existat,
1181 2715 1323 2759 istius
1342 2715 1419 2759 rei
1439 2715 1728 2765 Calculum,
1751 2713 1913 2757 etiam
1932 2713 2117 2768 paucis
2138 2713 2380 2768 adiungo.

334 2772 467 2815 Cum
479 2772 697 2816 Tabulae
716 2773 857 2816 ueris
877 2774 1008 2818 locis
1022 2774 1304 2817 Stellarum
1319 2774 1565 2817 Fixarum
1580 2774 1631 2816 in
1646 2774 1788 2817 Caelo
1809 2783 1917 2816 non
1935 2773 2306 2828 respondeant:
2328 2772 2468 2816 ideo—

261 2842 363 2886 que
389 2843 577 2875 ueram
603 2831 760 2875 huius
780 2832 974 2876 Sideris
998 2833 1053 2876 in
1076 2833 1535 2888 DodecatemorijS
1555 2832 1770 2876 Zodiaci
1791 2832 2066 2887 Longitud.
2090 2832 2131 2874 81
2151 2832 2379 2875 Latitud.
2402 2842 2468 2875 ex

261 2890 544 2934 collatione
565 2890 848 2934 Stellarum
869 2892 1117 2936 Fixarum
1138 2892 1383 2948 colligere
1403 2903 1511 2936 non
1529 2891 1691 2947 potui.
1721 2892 2043 2946 Comparaui
2062 2903 2186 2946 ergo
2210 2891 2341 2934 mihi
2360 2891 2465 2934 duo

262 2949 554 3005 Horologia
570 2949 690 2993 satis
709 2950 856 3002 iusta,
879 2963 1000 3005 quae
1021 2951 1260 3007 geminos
1278 2951 1478 2995 indices
1497 2951 1710 3003 habent,
1734 2962 1962 3005 quorum
1977 2952 2111 2994 alter
2123 2951 2286 2994 horas
2299 2953 2464 3001 notat,

262 3010 396 3052 alter
415 3009 562 3052 omni
579 3009 731 3061 hora,
752 3021 848 3064 per
861 3010 1099 3065 Sphaerae
1120 3010 1655 3055 circumuolutionem
1674 3010 1949 3065 integram,
1971 3010 2175 3053 minuta
2194 3009 2251 3053 60
2272 3010 2468 3064 singula

262 3068 534 3111 monstrat.
570 3068 870 3125 Horologijs
903 3071 972 3113 ad
1003 3081 1192 3113 uerum
1224 3073 1432 3114 motum
1461 3070 1595 3113 Solis
1625 3069 1920 3113 Meridiano
1948 3071 2192 3124 tempore
2219 3068 2347 3112 iuste
2376 3068 2468 3111 dis-

262 3127 455 3182 pofitis,
482 3127 655 3182 reperi
675 3128 814 3172 Noui
834 3128 989 3172 huius
1011 3129 1202 3173 Sideris
1222 3128 1426 3174 rectam
1445 3129 1815 3173 Ascenfionem
1834 3128 1877 3171 Ο.
1901 3128 2060 3171 Grad.
2082 3128 2155 3172 53.
2179 3129 2346 3183 scrup.
2375 3127 2468 3170 Cui

261 3186 578 3241 respondent
599 3186 653 3229 in
673 3187 1122 3232 Dodecatemorio
1142 3188 1332 3232 Arietis
1351 3188 1394 3232 0.
1418 3188 1577 3231 Grad.
1600 3188 1672 3231 50.
1697 3188 1863 3242 scrup.
1893 3187 2027 3231 Haec
2047 3187 2236 3231 Arietis
2262 3187 2466 3230 minuta

262 3245 329 3288 ab
351 3245 650 3300 AEquatore
676 3246 952 3290 Borealem
978 3247 1400 3291 Declinationem
1426 3247 1626 3291 habent
1648 3247 1722 3290 20.
1744 3247 1927 3301 Scrup.
1963 3246 2205 3299 Quorum
2231 3246 2468 3301 Comple-

261 3308 501 3348 mentum
534 3308 740 3359 quartae
773 3306 937 3360 partis
970 3306 1175 3359 Circuli,
1210 3307 1414 3351 constat
1444 3306 1517 3350 89.
1552 3306 1640 3350 Gr.
1673 3306 1746 3349 40.
1781 3306 1964 3361 Scrup.
2006 3306 2466 3361 complementum

262 3366 442 3407 autem
465 3364 720 3408 Maximae
741 3364 1120 3410 Declinationis
1141 3366 1275 3410 Solis
1299 3366 1462 3409 habet
1486 3365 1559 3409 66.
1583 3365 1743 3409 Grad.
1765 3365 1838 3408 32.
1863 3365 2029 3419 scrup.
2058 3366 2152 3409 Per
2176 3365 2295 3408 haec
2317 3365 2468 3408 Com-

2168 3450 2466 3514 plementa
