2976 4264
215 715 237 750 5

659 327 1541 385 PROGYMNASMATUM
1566 327 1880 380 TERTIA
1906 328 2109 381 PARS
2407 330 2487 381 101

286 470 538 513 dirimens
562 469 829 525 utriusque
849 470 989 515 Fixae
1010 468 1432 527 Longitudinem,
1459 469 1500 511 81
1526 468 1626 511 AD
1654 471 1812 523 atque
1832 468 1915 511 BF
1933 468 2103 512 Arcus
2127 468 2489 512 Latitudinum

285 530 578 573 earundem
604 529 868 574 Fixarum.
896 531 1011 573 Pari
1037 531 1242 575 ratione
1263 543 1295 574 a
1314 529 1437 572 Polo
1458 527 1689 580 zodiaci,
1717 540 1811 582 per
1836 529 2017 572 locum
2044 528 2215 572 Nouae
2235 528 2411 571 Stellae
2436 528 2490 570 in

286 589 324 631 C
350 589 548 643 pofitae,
577 589 804 632 ducatur
828 590 1096 644 quadrans
1122 591 1174 633 in
1201 587 1526 642 Eclipticam,
1555 599 1675 642 quae
1701 587 1788 631 hic
1809 587 1900 631 GE
1926 587 2038 631 erit.
2067 587 2251 642 Itaque
2277 588 2315 630 E
2341 589 2490 631 locus

286 647 646 703 Longitudinis
662 649 832 692 Nouae
846 649 1038 702 Stellae,
1056 650 1096 692 81
1116 650 1209 692 DE
1223 647 1395 704 portio
1410 646 1723 690 differentiae
1738 646 2099 702 Longitudinis
2112 647 2268 690 huius
2283 659 2315 690 a
2328 647 2490 701 priori

287 707 412 750 Fixa
431 707 485 750 in
498 708 544 750 A
557 708 740 762 posita.
763 708 847 751 CE
866 721 997 753 uero
1011 709 1181 752 Arcus
1196 706 1524 756 Latitudinis‚
1546 706 1634 750 seu
1647 706 1957 750 remotionis
1970 706 2125 761 ipfius
2140 707 2207 750 ab
2223 706 2488 761 Ecliptica.

286 767 763 822 Prael'upponantur
785 771 966 811 autem
992 769 1114 812 loca
1134 765 1495 823 Longitudinis
1514 766 1556 808 ἃ
1578 765 1890 809 Latitudinis
1910 765 2173 818 Fixarum,
2202 766 2379 821 qualia
2399 766 2492 810 Co-

285 825 486 881 pernici
499 826 730 878 Abacus,
752 826 958 870 adiecta
972 826 1292 883 AEquinoctij
1315 824 1669 882 praecessione‚
1690 825 1903 877 indicat,
1924 828 1982 868 ut
2002 826 2061 868 fit
2077 826 2373 880 Longitudo
2393 825 2493 880 pri-

166 883 255 928 586
286 885 393 929 oris
419 885 596 930 Stellae
622 886 667 928 A
692 886 746 929 in
770 887 819 930 P.
841 886 914 930 29.
936 888 973 933 l.
995 887 1038 930 Ο.
1068 887 1134 930 ab
1163 885 1183 946 ΙΙ
1206 883 1549 941 AEquinocstio
1569 884 1764 937 Verno,
1790 884 1950 939 idque
1974 884 2028 928 in
2053 884 2247 939 puncto
2274 885 2338 938 D,
2366 896 2491 928 cum

196 1009 239 1045 10

193 1307 236 1342 15

191 1901 238 1936 25

192 2198 239 2233 30

202 3089 249 3124 45

204 3384 251 3420 50

288 944 587 988 Latitudine
601 945 718 988 Bor.
734 957 807 1000 gr.
824 946 896 989 51.
913 948 950 992 l.
965 945 1039 998 40,
1062 958 1224 1000 quam
1244 944 1586 1000 repraesentat
1598 943 1674 999 (ut
1687 943 1812 1000 dixi)
1825 944 1994 987 Arcus
2143 958 2199 1011 Θ

287 1003 404 1048 AD.
437 1004 734 1059 Longitudo
764 1007 944 1048 autem
973 1005 1272 1060 posterioris
1301 1005 1371 1048 ad
1401 1004 1439 1047 B
1466 1004 1664 1058 pofitae,
1696 1004 1754 1046 fit
1781 1003 1834 1046 in
1862 1004 1889 1046 7
1919 1015 1992 1058 gr.

287 1063 346 1106 50
365 1065 402 1109 l.
426 1062 497 1121 8.
526 1063 691 1118 quue
710 1063 764 1106 in
783 1064 940 1119 Signo
961 1064 1012 1117 F,
1040 1076 1166 1108 cum
1187 1063 1485 1108 Latitudine
1506 1062 1710 1106 Boreali
1734 1062 1793 1105 49
1812 1074 1885 1117 gr.
1907 1062 1936 1105 0
1954 1064 1991 1108 l.

288 1134 452 1177 quam
481 1122 713 1178 designat
739 1123 909 1167 Arcus
938 1124 1035 1167 BF.
1072 1124 1315 1178 Hincque
1342 1123 1488 1166 lubet
1515 1122 1766 1177 indagare
1795 1122 1995 1165 Arcum

287 1182 397 1234 DE,
426 1185 684 1236 quantum
710 1182 957 1226 uidelicet
982 1184 1019 1225 E
1047 1183 1342 1238 Longitudo
1371 1182 1542 1226 Nouae
1567 1181 1743 1225 Stellae
1769 1181 1995 1225 excedat

288 1241 693 1296 Longitudinem
718 1242 860 1286 Fixae
885 1242 939 1285 in
965 1242 1010 1284 A
1034 1243 1232 1296 politae,
1265 1254 1386 1296 quae
1412 1241 1483 1285 est
1511 1241 1581 1284 ad
1606 1241 1670 1293 D,
1699 1244 1758 1283 ut
1782 1242 1820 1283 E
1844 1241 1995 1284 locus

287 1300 648 1356 Longitudinis
672 1301 843 1344 Nouae
863 1301 1055 1353 Stellae,
1083 1301 1135 1344 in
1162 1301 1412 1356 Ecliptica
1439 1300 1806 1355 cognoscatur;
1836 1303 1995 1354 atque

284 1361 392 1403 una
422 1360 593 1403 Arcus
625 1360 709 1403 CE
743 1360 1093 1414 quantitatem
1123 1360 1391 1415 indagare,
1423 1363 1482 1402 ut
1512 1359 1803 1403 innotescat
1834 1359 1995 1402 etiam

284 1419 440 1462 huius
456 1419 627 1463 Nouae
640 1419 817 1463 Stellae
838 1419 906 1463 ab
924 1419 1175 1475 Ecliptica
1194 1419 1438 1470 remotio,
1461 1431 1624 1473 quam
1639 1418 1995 1462 Latitudinem
2270 1422 2409 1518 A*

284 1481 499 1522 uocant.
2198 1478 2251 1532 A
2435 1487 2481 1539 B

355 1537 556 1581 Verum
581 1540 640 1581 ut
663 1537 718 1581 in
741 1538 937 1582 horum
962 1538 1206 1582 notitiam
1231 1549 1327 1592 per
1351 1537 1754 1592 Triangulorum
1774 1536 1997 1592 Sphaeri-

287 1609 475 1642 corum
486 1597 788 1650 Scientiam,
805 1597 983 1641 debito
994 1597 1232 1652 processu
1246 1597 1522 1652 peruenire
1535 1596 1707 1648 liceat,
1724 1597 1995 1640 considero

287 1657 529 1701 omnium
557 1657 731 1711 primo
758 1657 1097 1712 Triangulum
1124 1657 1285 1709 AGB,
1316 1656 1466 1700 cuius
1495 1656 1620 1699 bina
1650 1657 1845 1699 Latera
1872 1655 1927 1698 in
1952 1655 1997 1699 G

286 1717 410 1760 Polo
430 1715 623 1768 iuncta,
645 1719 773 1760 nota
794 1716 923 1769 sunt,
945 1729 1041 1771 per
1060 1717 1464 1771 complementa
1478 1715 1840 1758 Latitudinum
1854 1715 1998 1758 Fixa-

286 1787 407 1819 rum
437 1775 551 1828 GA,
581 1775 776 1819 scilicet
803 1775 862 1819 38
890 1788 963 1831 gr.
994 1776 1053 1819 20
1080 1775 1207 1819 min.
1239 1776 1331 1819 GB
1359 1787 1489 1819 uero
1517 1774 1571 1817 41
1605 1787 1677 1830 gr.
1708 1774 1736 1818 O
1762 1774 1887 1817 min.
1918 1774 1997 1818 Est

286 1835 450 1879 etiam
468 1835 718 1890 Angulus‚
747 1847 907 1890 quem
927 1834 1066 1879 dicta
1087 1836 1283 1879 Latera
1302 1835 1796 1890 compraehendunt‚
1823 1836 1994 1877 notus.

287 1895 441 1937 Illum
470 1894 612 1938 enim
641 1894 857 1938 metitur
880 1895 1051 1938 Arcus
1078 1895 1186 1947 DF,
1217 1894 1516 1938 differentIa
1542 1894 1789 1937 uidelicet
1814 1893 1998 1948 Longi-

284 1953 479 1997 tudinis
506 1953 772 2008 uniusque
801 1954 958 2007 Fixae,
991 1966 1112 2009 quae
1142 1954 1213 1998 est
1241 1954 1269 1997 8
1298 1955 1442 2009 grad.
1472 1953 1531 1996 50
1559 1953 1685 1997 min.
1718 1952 1870 1996 Vnde
1903 1964 1999 2007 per

284 2013 593 2069 uigefimam
625 2012 875 2057 octauam
906 2013 1318 2069 Propofitionem
1355 2013 1500 2056 Libri
1531 2013 1716 2065 Quarti
1748 2011 1998 2056 Iohannis

286 2073 701 2128 Regiomontani,
718 2074 784 2117 de
796 2073 1086 2129 Triangulis
1101 2073 1401 2128 Sphaericis‚
1416 2073 1587 2116 Arcus
1600 2073 1646 2115 A
1655 2073 1693 2115 B
1705 2071 1996 2123 innotescit,

288 2144 449 2187 quem
473 2132 773 2176 inuenimus
798 2136 932 2188 part.
954 2133 998 2178 6.
1020 2133 1145 2176 min.
1172 2133 1240 2185 14,
1270 2133 1484 2188 qualem
1510 2132 1673 2176 etiam
1698 2143 1793 2187 per
1815 2131 1999 2174 Instru-

288 2195 546 2240 mentum.
580 2192 841 2247 capiendo
873 2192 1140 2247 utriusque
1172 2192 1314 2236 Fixae
1347 2192 1662 2244 distantiam,
1702 2190 1996 2235 obseruaui.

290 2251 467 2295 Habet
490 2251 669 2306 itaque
694 2263 836 2295 nunc
863 2250 1062 2295 dictum
1086 2251 1424 2307 Triangulum
1450 2251 1596 2295 AGB
1622 2250 1803 2295 omnia
1831 2252 1999 2293 latera
2431 2275 2477 2323 F

289 2313 438 2355 nota:
466 2311 607 2354 unde
632 2322 728 2366 per
751 2311 997 2354 ultimam
1023 2311 1434 2366 Propofitionem
1455 2311 1599 2354 Libri
1620 2310 1805 2362 Quarti
1826 2309 2000 2364 Regio·
2029 2293 2084 2339 'D
2151 2301 2195 2340 E

289 2370 530 2414 montani
556 2371 622 2414 de
646 2370 951 2426 Triangulis,
978 2371 1064 2414 uel
1089 2371 1302 2414 tertiam
1330 2371 1474 2414 Libri
1493 2370 1671 2422 Quinti
1697 2369 1944 2421 eiusdem,
1973 2368 2249 2423 Copernici
2272 2379 2401 2412 uero
2429 2368 2495 2411 de

288 2429 486 2485 ijsdem‚
517 2430 1016 2482 decimamtertiam,
1043 2430 1277 2485 Angulus
1304 2430 1449 2473 BAG
1475 2429 1907 2473 manifestabitur.
1939 2428 2122 2472 Inueni
2147 2431 2328 2471 autem
2349 2428 2494 2470 ‘hunc

292 2490 571 2591 Arigulum,
599 2489 839 2534 absoluta
859 2489 1168 2544 operatione
1187 2501 1551 2541 numerorum,
1578 2489 1726 2532 iuxta
1752 2487 1917 2531 dictas
1936 2487 2333 2542 Propofitiones,
2360 2489 2494 2542 part.

298 2549 347 2591 11
385 2580 396 2592 .
418 2548 602 2592 minut.
622 2549 697 2598 51.

366 2607 519 2651 Nunc
545 2608 708 2651 etiam
733 2608 849 2663 pari
873 2608 1078 2652 ratione
1097 2608 1360 2663 Angulum
1378 2607 1640 2663 Trianguli
1660 2607 1812 2658 CAB,
1840 2606 1929 2661 qui
1953 2605 2024 2649 est
2050 2606 2119 2648 ad
2138 2606 2199 2658 A,
2227 2604 2494 2649 dimetiar:

294 2679 423 2710 nam
442 2667 484 2710 δι
505 2668 686 2711 omnia
710 2667 866 2711 huius
890 2669 1059 2711 latera
1084 2671 1211 2710 nota
1238 2668 1352 2710 sunt
1378 2679 1444 2710 ex
1467 2666 1916 2717 antecedentibus,
1944 2666 2034 2708 CA
2054 2667 2187 2720 part.
2208 2666 2251 2708 5.
2274 2664 2400 2708 min.
2421 2664 2494 2707 21.

296 2727 380 2770 CB
400 2738 474 2781 gr.
494 2727 538 2769 5.
560 2728 597 2772 l.
623 2727 662 2770 1.
683 2727 776 2769 AB
795 2739 867 2782 gr.
888 2726 933 2772 6.
960 2726 1144 2769 minut.
1171 2726 1238 2770 14.
1267 2726 1454 2770 Euadit
1478 2726 1631 2781 igitur
1648 2726 1882 2780 Angulus
1908 2725 2045 2768 CAB
2072 2736 2167 2779 per
2192 2723 2357 2767 dictas
2381 2724 2498 2767 Pro-

295 2785 593 2841 pofitiones,
620 2788 754 2840 part.
776 2786 849 2829 50.
877 2785 1002 2829 min.
1027 2785 1101 2829 42.
1130 2785 1286 2829 Hunc
1312 2786 1576 2840 Angulum
1601 2784 1669 2827 ab
1694 2785 1899 2839 Angulo
1926 2784 2070 2827 BAG
2095 2784 2239 2838 prius
2263 2783 2495 2834 inuento,

297 2845 500 2896 aufero,
531 2847 789 2899 tanquam
818 2848 1027 2900 partem
1056 2845 1122 2888 de
1152 2845 1242 2888 suo
1270 2847 1401 2897 toto,
1435 2845 1477 2888 δι
1508 2844 1816 2899 relinquitur
1845 2843 2110 2898 quantitas
2137 2842 2326 2898 Anguli
2353 2841 2498 2885 CAG

296 2907 430 2959 part.
452 2903 524 2947 61.
547 2904 673 2948 min.
694 2903 738 2948 9.

370 2963 521 3006 Nunc
547 2962 857 3019 progredior
877 2963 946 3006 ad
963 2962 1302 3018 Triangulum
1322 2963 1482 3015 CAG,
1504 2962 1654 3006 cuius
1672 2963 1921 3018 Angulus‚
1944 2961 2034 3017 qui
2053 2962 2122 3005 ad
2141 2962 2201 3014 A,
2226 2961 2335 3004 iam
2354 2960 2499 3004 inno-

295 3022 414 3066 tuit:
437 3023 544 3066 duo
563 3034 693 3066 uero
713 3023 882 3065 latera
902 3020 1099 3065 dic‘tum
1112 3022 1376 3077 Angulum
1396 3021 1920 3077 compraehendentia
1942 3021 2034 3065 GA
2047 3022 2089 3064 ἃ
2102 3021 2203 3073 AC,
2226 3032 2292 3063 ex
2313 3019 2500 3074 superi-

299 3082 479 3126 oribus
503 3085 632 3126 nota
662 3082 789 3125 sunt.
822 3081 1157 3136 Quapropter
1185 3081 1444 3125 beneficio
1470 3081 1528 3124 28
1552 3081 1918 3136 Propofitionis
1945 3081 2090 3124 Libri
2115 3079 2300 3132 Quarti
2325 3078 2499 3134 Regio-

298 3140 538 3185 montani
560 3142 626 3184 de
645 3141 949 3196 Triangulis,
977 3140 1240 3195 reliquum
1259 3141 1424 3184 Latus
1450 3141 1542 3184 GC
1566 3141 1870 3192 innotescet,
1897 3140 2128 3196 partium
2153 3139 2399 3183 uidelicet
2423 3138 2495 3181 36.

298 3200 482 3244 minut.
509 3200 547 3244 l.
579 3201 702 3243 Erat
731 3203 911 3243 autem
939 3201 1109 3243 Arcus
1135 3199 1243 3251 GC,
1274 3199 1736 3255 Complementum
1765 3199 2076 3243 Latitudinis
2106 3199 2277 3243 Nouae
2306 3198 2496 3241 Stellae.

298 3260 450 3303 Vnde
476 3260 678 3303 sublato
705 3270 770 3303 eo
797 3272 829 3302 a
856 3259 1162 3311 Quadrante
1185 3270 1315 3302 uera
1335 3259 1511 3303 Steuae
1531 3260 1796 3312 Latitudo,
1823 3262 1957 3314 part.
1978 3259 2052 3303 53.
2074 3258 2199 3302 min.
2220 3257 2278 3301 59
2298 3257 2496 3301 euadit:

299 3319 565 3374 quantitas
583 3318 829 3362 uidelicet
847 3319 1017 3362 Arcus
1037 3319 1136 3361 CE.

369 3379 466 3422 Pro
494 3378 840 3434 Longitudine
865 3389 996 3421 uero
1022 3377 1177 3420 huius
1203 3377 1378 3420 Stellae
1403 3378 1719 3434 indaganda,
1746 3378 1933 3434 Anguli
1959 3377 2122 3429 DGE,
2150 3376 2498 3431 quantitatem

2395 3475 2499 3524 per
