2976 4264
487 310 577 364 184
989 306 1598 361 ASTRONOMIAE
1625 305 2191 360 INSTAURATAE

487 452 736 505 angulum
750 450 839 491 AE
851 448 895 491 G
908 460 1073 490 unum
1087 449 1224 489 latus
1238 448 1327 489 AE
1343 458 1468 489 cum
1487 447 1694 490 duobus
1713 447 2076 490 adiacentibus
2097 448 2314 502 angulis,
2335 448 2498 492 habet
2518 449 2689 504 cogni-

484 514 613 552 tum.
638 510 843 551 Dantur
861 507 1062 560 reliqua
1083 507 1188 549 duo
1211 506 1403 548 Latera
1417 506 1533 558 AG,
1550 507 1590 548 8(
1605 506 1711 548 EG.
1737 506 1875 549 Nota
1896 506 2047 561 igitur
2067 508 2300 549 euadunt
2315 508 2387 550 GI
2403 508 2688 551 Parallaxis

485 569 671 623 prima,
694 568 734 609 8(
756 567 858 609 GH
879 566 1164 608 Parallaxis
1186 565 1428 608 secunda.

554 627 714 670 Posset
734 625 1051 680 contingere,
1075 625 1218 678 quod
1233 624 1514 667 Stellarum
1530 624 1598 667 ad
1612 624 2008 668 Phaenomenon
2029 625 2132 668 alia
2152 625 2407 669 habitudo
2426 626 2466 667 81
2484 626 2688 669 diuersa

486 687 551 730 ab
573 687 691 737 hac,
715 697 877 739 quam
898 684 983 727 hic
1003 683 1288 738 posuimus,
1309 683 1419 735 fiat,
1441 687 1583 737 puta,
1608 685 1750 738 quod
1764 684 2161 728 Phaenomenon
2179 684 2418 727 futurum
2439 686 2497 727 fit
2517 686 2685 739 supra,

485 749 575 788 aut
587 745 724 787 infra
738 744 939 787 Stellas.
962 743 1161 786 Verum
1175 754 1273 786 nec
1290 743 1696 794 Demonstratio,
1719 755 1817 786 nec
1834 743 2085 797 Operatio
2099 743 2406 796 uariabitur,
2423 745 2513 786 nisi
2527 756 2689 798 paux-

484 806 570 848 illo
600 803 836 847 fortassis.
873 802 1213 846 Mediocriter
1241 802 1560 845 exercitatus
1591 802 1747 845 facile
1776 803 1897 845 inde
1927 803 1977 846 se
2006 803 2269 857 expedire,
2302 804 2342 846 81
2372 803 2625 847 doctrinae
2656 817 2688 846 a

484 864 635 907 nobis
653 862 863 905 traditae
884 874 1070 906 omnes
1089 861 1374 905 uarietates
1394 861 1549 905 facile
1571 863 1989 906 accommodare
2010 862 2214 917 poterit.

553 950 748 1013 Atque
778 947 907 999 haec
938 963 1010 999 ex
1039 946 1327 999 Thaddaei
1356 954 1646 999 renouata
1676 947 1930 1009 Dialexi,
1960 947 2077 999 huc
2106 948 2397 1000 adduxisse
2426 948 2686 1010 sufficiat,

483 1020 601 1072 alio
621 1020 769 1080 1000,
796 1019 970 1084 ipsius
991 1025 1168 1082 atque
1188 1018 1449 1084 Witichij
1473 1018 1646 1083 plura
1667 1021 1820 1070 circa
1839 1018 1969 1071 haec
1989 1021 2313 1080 ratiocinia,
2340 1019 2683 1084 peculiaria-

483 1107 597 1156 que
618 1090 1004 1151 Problemata,
1030 1092 1150 1141 vna
1176 1106 1313 1142 cum
1338 1089 1531 1142 nostra
1556 1090 2084 1150 animaduersione,
2112 1089 2329 1143 harum
2354 1106 2554 1142 rerum
2579 1091 2685 1143 stu-

483 1162 652 1215 diofis
674 1161 1141 1215 communicabo,
1165 1156 1184 1229 ΙΙ

552 1235 712 1286 Patet
731 1236 929 1297 itaque
951 1233 1111 1297 quod
1130 1232 1318 1284 multo
1339 1232 1653 1296 simplicius
1673 1232 1725 1284 8(
1745 1233 1981 1297 planius
2007 1236 2259 1298 proponi
2283 1233 2685 1286 demonstrari-

483 1322 596 1370 que
623 1311 940 1370 potuerunt
968 1320 1039 1356 ea
1059 1303 1423 1369 Diggeseana
1442 1304 1828 1356 Problemata.
1850 1304 2091 1356 Vtinam
2116 1304 2318 1356 saltem
2340 1304 2472 1356 vsus
2498 1304 2686 1357 labori

482 1393 589 1442 par
617 1377 785 1428 foret:
817 1382 993 1440 atque
1023 1378 1085 1426 in
1114 1375 1330 1427 Praxin
1360 1378 1502 1427 citra
1529 1376 1951 1439 impedimenta
1980 1375 2033 1427 8(
2062 1375 2447 1437 deuiationeS,
2478 1376 2686 1428 deduci

482 1449 696 1512 possent
707 1453 883 1512 atque
895 1447 1249 1499 Dedomena
1261 1447 1473 1511 quibus
1485 1446 1823 1507 fundantur,
1836 1450 1944 1499 rite
1955 1447 2358 1500 administrari.
2372 1447 2507 1499 Hoc
2521 1447 2688 1511 Opus

482 1520 579 1571 hic
598 1519 765 1571 labor
786 1519 876 1570 est.

553 1591 776 1642 Verum
795 1596 854 1642 vt
875 1590 1068 1642 dicam
1087 1590 1146 1641 id
1168 1590 1327 1654 quod
1348 1605 1440 1641 res
1460 1589 1581 1654 ipsa
1602 1589 1939 1654 expostulat,
1967 1589 2068 1642 ista
2095 1589 2147 1641 8(
2171 1589 2380 1642 similia
2404 1589 2606 1642 saltem
2626 1594 2688 1642 in

481 1661 874 1726 speculatione
895 1668 1071 1725 atque
1092 1661 1605 1713 Demonstratione
1626 1664 1732 1712 rite
1753 1661 1808 1712 se
1829 1660 2070 1713 habent:
2093 1661 2161 1712 In
2180 1661 2302 1725 ipsa
2321 1677 2462 1713 vero
2483 1660 2686 1725 practi—

483 1736 712 1785 catione
738 1749 863 1784 non
887 1735 1043 1784 item.
1076 1732 1434 1784 Cauendum
1461 1735 1632 1797 igitur
1657 1731 1890 1796 vbique‚
1918 1748 1993 1784 ne
2020 1734 2377 1784 assumantur
2404 1732 2687 1785 eiusmodi

482 1805 835 1856 Dedomena
854 1811 1030 1868 atque
1052 1803 1610 1865 Demonstratione8‚
1639 1819 1773 1868 quae
1799 1807 2207 1856 executionem
2233 1803 2417 1869 ipsam
2443 1803 2687 1856 difficul-

481 1883 566 1928 ter
586 1876 909 1928 admittant.

553 1947 752 1998 Postea
767 1946 931 2011 Radij
949 1946 1356 2006 Astronomici,
1371 1946 1535 1998 vtilia
1550 1946 1688 1998 sane
1704 1946 1756 1997 8(
1769 1947 2080 1998 necessaria
2099 1946 2389 2012 subiungit
2410 1946 2687 2011 quaedam

481 2018 904 2083 supplementa:
928 2017 1087 2082 quod
1105 2020 1282 2069 etiam
1296 2017 1749 2069 Instrumentum
1762 2020 1825 2069 in
1838 2017 2294 2070 Praefatiuncula
2307 2018 2525 2069 ibidem
2538 2033 2684 2082 prae-

481 2090 639 2141 missa
659 2089 934 2141 omnibus
955 2091 1337 2152 antiquorum
1357 2088 1409 2140 8(
1429 2091 1823 2140 recentiorum
1839 2089 2092 2154 Organis
2105 2089 2525 2140 Astronomicis
2538 2105 2684 2153 prae-

482 2160 605 2212 fert.
627 2161 809 2225 Atqui
828 2161 903 2221 id,
926 2175 1045 2224 quo
1067 2159 1142 2211 ad
1161 2159 1461 2224 pleraque,
1484 2160 1709 2211 admitti
1729 2160 1929 2225 potest:
1950 2161 2051 2211 An
2063 2176 2205 2212 vero
2225 2163 2288 2211 in
2306 2159 2541 2221 cunc'tis,
2563 2176 2687 2212 non

483 2232 746 2283 dixerim.
780 2232 1231 2283 Eccentricitatis
1264 2231 1436 2292 oculi,
1471 2247 1652 2295 quam
1684 2231 1859 2293 addit,
1894 2229 2189 2292 corredtiQ
2222 2231 2398 2295 plane
2432 2238 2555 2283 erat
2586 2247 2685 2283 ne-

483 2304 728 2364 cessaria‚
754 2310 881 2354 tum
907 2302 959 2353 8(
986 2309 1213 2363 caetera,
1242 2318 1376 2366 quae
1405 2317 1631 2354 errores
1656 2309 2011 2367 praecauent‚
2038 2303 2245 2355 iustam
2267 2309 2567 2354 merentur
2586 2303 2684 2355 ad-

482 2377 886 2434 monitionem,
900 2373 952 2425 &
962 2373 1272 2425 subdiuifio
1286 2373 1461 2437 ipfius
1473 2373 1841 2425 Instrumenti
1854 2390 1957 2438 per
1971 2374 2221 2425 lineolas
2231 2374 2686 2426 transuersaliter

481 2443 847 2510 punctuata&
869 2445 1194 2497 admodum
1206 2445 1360 2496 vtilis
1381 2451 1557 2509 atque
1579 2444 1850 2509 expedita
1870 2445 1960 2506 est,
1983 2461 2102 2509 quo
2123 2448 2185 2496 in
2204 2445 2490 2509 plurimas
2509 2448 2684 2509 porti-

481 2516 730 2568 unculas
756 2516 1159 2568 subdiuidatur
1179 2515 1415 2568 Radius,
1444 2516 1622 2568 Hanc
1648 2522 1784 2568 ante
1807 2516 1862 2568 se
1885 2516 2113 2568 iamdiu
2132 2519 2195 2567 in
2215 2516 2432 2581 Anglia
2450 2516 2684 2580 vsurpa-

479 2595 601 2640 tam
613 2589 814 2639 asserit:
830 2587 1148 2651 praesertim
1159 2603 1196 2639 a
1207 2588 1469 2651 quodam
1482 2589 1810 2652 peritissimo
1823 2587 2250 2639 Mathematico
2263 2587 2685 2640 RICHARDO

482 2658 959 2711 CANTZLERO
980 2674 1083 2723 per
1102 2674 1318 2710 manus
1338 2659 1627 2710 traditam.
1650 2659 1771 2724 Ego
1793 2665 1944 2710 certe
1959 2659 2146 2710 multo
2161 2658 2235 2711 ab
2252 2658 2390 2710 hinc
2404 2666 2684 2723 tempore,

480 2730 747 2782 videlicet
767 2733 939 2782 annis
959 2730 1092 2794 plus
1108 2732 1306 2781 minus
1321 2730 1405 2790 28,
1429 2745 1563 2781 cum
1579 2730 1785 2794 Lipfiae
1801 2730 2017 2795 Studijs
2032 2730 2450 2790 incumberem‚
2474 2730 2684 2782 eiusce-

480 2802 641 2853 modi
670 2804 1045 2866 partitionem
1075 2801 1239 2866 Radij
1272 2804 1335 2852 in
1363 2801 1467 2853 vsu
1496 2800 1807 2862 habebam,
1838 2817 1910 2853 ex
1941 2801 2246 2854 Clarissimi
2277 2801 2685 2853 Mathematici

481 2872 743 2938 Homelij
768 2872 1022 2934 officina,
1046 2872 1334 2925 beneficio
1355 2872 1759 2924 Bartholomei
1780 2872 2077 2934 Schulteti,
2100 2875 2202 2937 qui
2221 2872 2306 2923 illi
2327 2872 2684 2933 inseruierat,

480 2943 627 2995 mihi
658 2946 1171 2996 communicatam.
1201 2944 1371 2995 Vnde
1401 2950 1601 2995 autem
1630 2944 1949 2996 Homelius
1981 2943 2137 2996 hanc
2169 2943 2439 3004 hauserit,
2473 2951 2574 2995 aut
2607 2959 2685 2995 an

480 3015 718 3079 ipsemet
739 3030 872 3066 eam
893 3016 1279 3075 adinuenerit‚
1302 3015 1461 3079 apud
1480 3030 1576 3066 me
1596 3018 1886 3067 incertum
1907 3015 1997 3067 est.
2020 3015 2103 3067 Sit
2118 3014 2514 3079 cuiuscunque
2528 3015 2683 3075 velit,

481 3086 780 3150 ingeniosa
800 3093 951 3137 certe
973 3086 1025 3137 8(
1046 3089 1311 3150 apprime
1331 3086 1486 3137 vtilis
1507 3086 1581 3137 est
1602 3086 1935 3146 distributim
1958 3102 2140 3151 quam
2161 3086 2212 3137 8(
2234 3101 2340 3151 ego
2360 3086 2555 3150 postea
2574 3087 2683 3137 Ar-

482 3157 746 3208 cualibus
772 3157 1086 3209 Graduum
1117 3156 1603 3209 subdiuifionibus
1629 3160 1692 3209 in
1716 3157 2175 3221 QuadrantibuS,
2210 3156 2598 3217 SextantibUS‚
2633 3157 2685 3208 8(

481 3227 761 3288 Armillis,
782 3244 906 3279 non
926 3231 1279 3280 inconcinne
1301 3235 1402 3280 aut
1422 3228 1759 3293 infrugifere
1779 3228 2052 3293 applicui.
2074 3229 2233 3280 Licet
2248 3231 2407 3280 enim
2422 3228 2683 3279 Demon-

481 3298 671 3349 stratio
685 3301 826 3359 eius,
839 3302 901 3349 in
912 3298 1045 3350 solis
1057 3297 1367 3350 rectilineis
1378 3298 1790 3363 superficiebus
1802 3300 1878 3352 ad
1886 3315 2143 3364 vnguem
2153 3299 2208 3350 se
2220 3299 2453 3351 habeat:
2466 3305 2681 3359 tamen,

482 3385 616 3420 cum
644 3373 962 3433 quinorum
989 3370 1082 3421 vel
1110 3370 1399 3421 denorum
1421 3370 1797 3423 Minutorum
1823 3371 2072 3435 spatium
2095 3374 2157 3422 in
2182 3370 2682 3434 Circumferentijs

2350 3439 2682 3492 maiusculis

2737 695 2758 728 5

2740 1037 2781 1071 lo

2719 1244 2799 1287 671

2741 1394 2780 1428 15

2737 1750 2783 1784 20

2735 2462 2780 2497 30

2735 2818 2781 2853 35

2733 3173 2780 3208 40

2969 4124 2976 4239 ..-.......-m
2967 4031 2976 4118 ..η-(Ἀ.
2970 3951 2976 4025 ψ.
2971 3881 2976 3943 .-.....
