2976 4264
219 989 262 1024 10

219 1286 262 1321 15

212 1880 259 1915 25

188 2049 274 2093 547

212 2176 259 2212 30

216 2473 263 2508 35

216 3066 263 3101 45

217 3361 264 3397 50

683 309 1562 364 PROGYMNASMATUM
1589 310 1903 363 TERTIA
1929 311 2132 364 PARS
2455 314 2511 364 61

315 449 353 493 l.
380 460 452 504 gr.
486 448 552 491 10.
582 448 748 503 scrup.
778 448 1026 493 Latitudo
1057 449 1172 493 Bor.
1199 449 1272 493 51.
1302 453 1434 504 part.
1461 450 1534 494 40.
1564 451 1730 505 scrup.
1759 451 2055 506 Longitudo
2081 451 2345 507 uigefimae
2365 451 2510 494 Vrsae

311 507 527 551 maioris
552 507 648 550 106.
671 508 815 563 grad.
837 507 879 551 0.
903 508 1070 562 scrup.
1094 508 1341 553 Latitudo
1363 509 1532 553 Borea
1551 509 1623 553 29.
1646 512 1779 564 part.
1800 510 1873 553 30.
1897 510 2063 565 scrup.

380 566 680 610 Assumatur
698 579 838 611 nunc
858 567 1008 611 locus
1028 567 1224 622 quintae
1240 567 1414 612 stenae
1429 569 1711 623 Cassiopeae
1731 569 1784 612 in
1803 568 1998 624 puncto
2012 570 2072 621 A,
2095 568 2302 614 octauae
2319 569 2512 624 Cephei

310 626 363 669 in
383 626 436 678 B,
465 626 801 670 duodecimae
822 626 1105 681 Cassiopeae
1125 626 1179 670 in
1198 627 1252 679 C,
1279 627 1544 683 uigefimae
1564 628 1710 672 Vrsae
1731 628 1948 672 maioris
1968 628 2020 671 in
2040 629 2103 680 D,
2133 629 2512 673 describantur-

312 696 414 740 que
434 685 878 729 circumferentiae
898 686 1164 730 maiorum
1185 687 1513 730 Circulorum
1533 688 1624 730 AB
1640 687 1681 730 81
1700 688 1809 731 CD.
1833 688 1935 731 Sed
1949 688 2071 742 quia
2086 688 2139 731 in
2151 691 2375 742 utraque
2390 699 2513 732 con-

311 743 484 799 specta
510 744 581 788 est
607 745 765 788 Stella
795 745 965 797 Noua,
995 745 1099 788 illae
1127 758 1256 790 uero
1283 747 1484 789 nullum
1511 746 1602 789 nili
1631 745 1869 790 sectionis
1898 745 2166 802 punctum,
2198 748 2341 802 quod
2371 748 2429 790 fit
2455 748 2509 800 E,

311 815 597 848 commune
618 804 865 856 habeant,
888 804 1087 848 necesse
1107 805 1178 848 est
1198 806 1235 847 E
1254 804 1507 860 punctum
1526 806 1706 849 locum
1727 806 1902 850 Stellae
1918 806 2088 850 Nouae
2107 806 2275 849 uisum
2295 806 2508 850 referre.

311 863 617 918 Defignetur
635 863 761 907 item
782 864 954 918 portio
976 863 1196 919 signiferi
1217 864 1253 907 F
1255 865 1315 917 G,
1338 865 1580 919 praesenti
1594 865 1820 909 instituto
1836 865 2113 918 sufficiens,
2135 866 2345 920 eiusque
2359 867 2511 910 Polus

311 922 508 966 Boreus
530 922 596 975 H,
618 934 684 966 ex
704 933 809 977 quo
831 921 1174 966 demittantur
1193 923 1637 967 circumferentiae
1658 925 1727 967 ad
1748 928 1976 979 quatuor
1995 924 2163 977 Fixas,
2186 925 2273 980 qui
2289 926 2382 968 sint
2398 925 2510 977 HA,

312 981 425 1034 HB,
461 981 574 1034 HC,
608 982 730 1034 HD,
765 992 992 1036 quarum
1024 982 1146 1026 duae
1179 982 1292 1034 ΗΒ,
1325 983 1367 1026 81
1399 983 1512 1035 HC,

310 1041 629 1084 descendant
659 1041 712 1084 in
744 1041 765 1084 I
797 1041 838 1084 81
871 1041 933 1084 Κ.
974 1041 1352 1086 Continuentur
1387 1042 1514 1086 item

310 1100 420 1152 DC,
448 1101 490 1144 81
516 1101 622 1153 BA,
650 1100 820 1144 donec
844 1099 1075 1144 Zodiaco
1103 1104 1388 1145 occurrant
1406 1101 1460 1144 in
1479 1101 1515 1144 F

309 1160 351 1203 ἃ
378 1159 457 1261 Gi?
469 1159 706 1203 Tandem
735 1171 802 1203 ex
830 1161 867 1202 E
898 1163 1083 1215 agatur
1107 1160 1213 1213 EL,
1245 1161 1314 1203 ad
1341 1159 1514 1204 rectos

309 1219 400 1274 ipsi
465 1219 525 1262 G.

381 1277 512 1321 Sunt
536 1289 661 1333 ergo
686 1277 800 1334 (per
818 1278 1047 1322 Porisma
1071 1278 1373 1323 undecimae
1399 1291 1516 1334 pro-

310 1338 417 1392 pos.
453 1337 566 1381 Lib.
599 1337 643 1381 3.
684 1337 1082 1392 Regiomontani
1113 1337 1180 1380 de
1209 1337 1516 1396 Triangulis)

310 1397 437 1440 HBI
458 1397 499 1439 ἃ
520 1396 690 1448 HCK,
712 1396 1063 1449 Quadrantes‚
1092 1396 1180 1451 qui
1205 1398 1318 1454 (per
1338 1397 1515 1441 defini-

307 1456 508 1500 tionem
529 1448 939 1511 Longitudinum
953 1456 993 1498 81
1010 1456 1370 1499 Latitudinum
1391 1457 1516 1500 Stel-

308 1517 500 1572 larum)
518 1515 752 1559 referunt
770 1509 1096 1559 Latitudines
1116 1515 1154 1557 B
1173 1515 1214 1557 81
1235 1515 1273 1558 C
1294 1515 1516 1559 circum-

308 1574 540 1631 ferentijS
561 1575 630 1618 IB
643 1575 684 1617 81
702 1574 812 1626 KC,
835 1574 1209 1629 Longitudines
1230 1578 1410 1618 autem
1430 1576 1516 1619 de-

309 1635 474 1678 sinant
490 1634 544 1677 in
558 1634 772 1678 Zodiaci
791 1632 996 1688 punctis
1016 1634 1037 1676 I
1052 1634 1094 1677 δι
1109 1634 1171 1686 Κ,
1192 1633 1245 1676 in
1265 1634 1414 1678 cuius
1427 1636 1516 1678 Po-

307 1695 388 1738 los
408 1693 570 1737 etiam
586 1695 692 1746 EL,
714 1694 750 1736 fi
771 1693 1121 1746 continuetur,
1143 1705 1238 1748 per
1255 1693 1323 1736 13.
1341 1694 1453 1738 Lib.
1475 1694 1513 1737 1.

306 1753 578 1809 Theodofij
602 1754 667 1797 de
687 1753 926 1808 sphaera,
948 1752 1143 1796 incidit.
1170 1752 1401 1807 Ideoque
1421 1765 1517 1808 per

307 1813 536 1857 eandem
565 1812 943 1864 definitionem,
978 1813 1022 1855 L
1052 1812 1303 1855 terminat
1332 1813 1517 1868 Longi-

306 1872 560 1924 tudinem,
600 1872 691 1915 EL
728 1871 1085 1915 Latitudinem
1118 1871 1292 1915 Stellae
1326 1871 1512 1917 Nouae.

308 1932 454 1984 Quas
468 1943 562 1987 per
573 1930 869 1976 doctrinam
879 1930 1280 1986 Triangulorum
1292 1931 1517 1986 Sphaeri-

309 2003 497 2035 corum
522 1991 829 2046 inuestigare
854 1990 1008 2034 nobis
1033 1991 1359 2045 propositum
1386 1990 1470 2034 est.
1494 1989 1515 2050 ΙΙ

378 2051 453 2093 Ex
479 2050 689 2106 cognita
715 2050 800 2102 BI,
830 2049 1128 2094 Latitudine
1154 2050 1331 2093 Stellae
1358 2050 1411 2102 B,
1439 2050 1512 2093 62.
1563 2058 1614 2116 F

307 2122 418 2165 par.
446 2109 519 2154 30.
548 2110 643 2154 scr.
671 2109 1003 2165 cognoscitur
1027 2109 1189 2153 etiam
1213 2110 1420 2153 residua
1446 2110 1516 2152 ad

308 2169 674 2222 Quadrantem
694 2168 1122 2213 circumferentia
1143 2168 1256 2221 BH,
1282 2169 1355 2212 27.
1379 2171 1512 2223 part.

307 2229 380 2273 30.
404 2229 498 2273 scr.
531 2229 609 2272 Ita
636 2229 884 2272 Latitudo
911 2228 1087 2272 Stellae
1107 2229 1167 2281 A,
1196 2240 1317 2283 quae
1344 2228 1415 2272 est
1439 2228 1512 2272 45.

307 2291 441 2343 part.
468 2287 541 2331 30.
570 2288 665 2332 scr.
694 2289 876 2332 demta
901 2299 968 2331 ex
994 2287 1317 2341 Quadrante,
1347 2287 1590 2342 relinquit
1617 2287 1736 2340 HA,
1764 2290 1897 2342 part.
1924 2287 1997 2330 44.
2025 2287 2098 2330 30.
2129 2287 2222 2330 scr.
2253 2286 2514 2341 Trianguli

308 2358 433 2403 ergo
454 2347 620 2399 BHA,
642 2347 779 2391 datis
799 2347 1007 2391 duobus
1026 2346 1277 2390 lateribus
1295 2347 1391 2389 BH
1407 2347 1448 2389 ἃ
1461 2347 1582 2398 AH,
1604 2358 1730 2390 cum
1743 2347 1948 2402 Angulo
1964 2346 2116 2389 BHA
2134 2345 2312 2403 (quem
2332 2345 2514 2388 definit

309 2406 608 2450 differentia
628 2406 1005 2462 Longitudinis‚
1027 2409 1085 2449 ut
1104 2418 1171 2450 ex
1191 2406 1483 2461 Copernico
1504 2406 1667 2463 patet)
1691 2406 1758 2450 12.
1775 2418 1887 2460 par.
1909 2406 1982 2449 40.
2000 2406 2166 2459 scrup.
2191 2405 2402 2448 dabitur
2420 2416 2515 2459 per

310 2465 383 2509 28.
411 2466 497 2510 lib.
524 2466 567 2509 4.
596 2466 918 2522 Regiomont.
946 2465 1179 2520 Angulus
1206 2465 1371 2517 HBA,
1403 2465 1500 2509 151.
1528 2469 1662 2520 part.
1690 2465 1733 2508 0.
1762 2466 1856 2508 scr.
1885 2465 2002 2517 Quo
2028 2463 2222 2508 reiecto
2250 2475 2279 2507 e
2306 2464 2513 2507 duobus

312 2524 493 2578 Recstis,
520 2528 677 2570 notus
703 2525 930 2569 habetur
949 2525 1088 2576 IBG,
1115 2524 1188 2568 29.
1211 2537 1323 2580 par.
1345 2525 1388 2568 0.
1412 2525 1506 2568 scr.
1529 2525 1749 2579 angulus
1768 2523 2030 2580 Trianguli
2049 2523 2188 2575 BIG,
2216 2523 2366 2566 cuius
2390 2534 2516 2577 quo-

311 2597 412 2639 que
434 2585 597 2628 Latus
618 2585 684 2627 BI
706 2586 892 2628 datum
918 2584 989 2628 est
1014 2583 1086 2627 62.
1109 2587 1242 2638 part.
1264 2584 1337 2627 30.
1361 2584 1455 2627 scr.
1478 2584 1519 2626 ἃ
1540 2584 1771 2638 Angulus
1799 2583 1868 2626 ad
1894 2583 1915 2626 1
1941 2583 2054 2640 (per
2077 2583 2145 2626 17.
2167 2582 2254 2625 lib.
2275 2583 2318 2625 3.
2342 2582 2515 2637 Regio-

310 2647 475 2688 mont.
497 2645 582 2687 uel
607 2644 675 2687 15.
699 2643 811 2687 Lib.
838 2643 876 2687 1.
898 2643 1153 2699 Theodo.)
1173 2641 1372 2687 Retstus.
1402 2642 1579 2694 Quare
1604 2654 1701 2697 per
1726 2645 1973 2697 quartam
1999 2641 2395 2697 Sphaericorum
2422 2641 2516 2685 Co-

310 2702 511 2758 pernici
536 2703 818 2747 metiemur
835 2703 1099 2757 Angulum
1126 2703 1195 2745 ad
1216 2702 1276 2754 G,
1304 2703 1376 2745 77.
1399 2705 1532 2756 part.
1554 2701 1598 2746 4.
1621 2702 1715 2745 scr.
1744 2702 1786 2745 81
1812 2702 1898 2753 IG,
1927 2701 2413 2745 circumferentiam
2439 2700 2511 2743 26.

311 2765 446 2818 part.
478 2762 546 2805 11.
575 2763 742 2816 scrup.
774 2774 896 2816 quae
925 2762 1162 2816 apposita
1192 2761 1524 2816 Longitudini
1554 2761 1591 2813 1,
1624 2773 1745 2815 quae
1775 2761 1846 2804 est
1878 2761 1916 2804 l.
1945 2760 2190 2816 partium.
2218 2760 2261 2803 0.
2291 2760 2511 2814 scrupul.

312 2821 572 2866 constituit
587 2821 990 2876 Longitudinem
1005 2820 1065 2873 G,
1088 2833 1120 2863 a
1139 2820 1312 2875 prima
1326 2820 1485 2864 Stella
1496 2825 1571 2873 V,
1592 2820 1665 2863 27.
1681 2822 1814 2875 part.
1836 2820 1903 2864 11.
1921 2821 2088 2875 scrup.
2111 2819 2266 2871 Quod
2285 2819 2515 2862 reserua-

311 2881 501 2924 bimus.

382 2940 583 2984 Eodem
615 2939 779 2983 modo
810 2939 864 2982 in
893 2938 1171 2994 Triangulo
1204 2937 1380 2990 CHD,
1414 2938 1702 2982 secundum
1735 2938 1829 2981 CK
1862 2938 2218 2981 Latitudinem
2250 2937 2425 2980 Stellae
2458 2936 2511 2988 C,

310 3000 384 3043 51.
412 3002 546 3054 part.
574 2998 646 3042 40.
675 2998 769 3042 scr.
796 2997 1070 3041 innotescit
1090 2997 1203 3049 CH,
1232 3010 1354 3052 quae
1381 2997 1619 3052 superest,
1646 2997 1719 3041 38.
1747 3001 1880 3052 part.
1908 2998 1981 3041 20.
2011 2997 2104 3040 scr.
2133 2998 2174 3040 81
2199 3008 2293 3051 per
2319 2995 2513 3038 Latitu-

311 3058 489 3102 dinem
510 3058 574 3110 D,
603 3070 724 3112 quae
750 3057 821 3101 est
844 3057 918 3100 29.
941 3068 1013 3112 gr.
1034 3056 1108 3100 30.
1131 3057 1297 3111 scrup.
1326 3058 1633 3112 exploratur
1658 3057 1781 3109 DH,
1808 3057 1881 3100 60.
1904 3059 2037 3111 part.
2058 3056 2131 3099 30.
2155 3056 2321 3110 scrup.
2343 3055 2513 3110 Angu-

311 3119 422 3161 lum
449 3117 604 3160 DHC
633 3116 808 3172 prodit
834 3115 1193 3171 Longitudinis
1222 3115 1517 3160 differentia
1551 3116 1648 3159 104.
1677 3119 1810 3170 part.
1839 3116 1911 3159 50.
1940 3116 2107 3170 scrup.
2135 3115 2286 3158 Vnde
2315 3126 2410 3169 per
2442 3113 2509 3156 11.

312 3176 588 3231 Copernici
608 3176 842 3220 elicietur
863 3175 1014 3218 HCD
1034 3175 1267 3232 Angulus
1286 3174 1359 3218 60.
1381 3178 1515 3230 part.
1543 3175 1610 3218 17.
1633 3175 1800 3230 scrup.

381 3235 643 3291 Trianguli
664 3235 894 3278 [imiliter
913 3234 1066 3286 CFK,
1088 3235 1214 3277 dato
1236 3235 1426 3277 Latere
1447 3234 1556 3286 CK,
1577 3234 1650 3278 51.
1667 3237 1800 3289 part.
1821 3234 1894 3277 40.
1912 3234 2078 3288 scrup.
2096 3233 2136 3275 ἃ
2150 3233 2354 3287 Angulo
2375 3231 2513 3274 FCK

311 3295 568 3352 (uerticali
593 3295 684 3338 suo
712 3294 864 3337 HCD
891 3293 1103 3350 aequali)
1128 3292 1200 3336 60.
1223 3296 1356 3347 part.
1386 3293 1454 3336 17.
1478 3293 1644 3348 scrup.
1666 3305 1791 3336 curn
1810 3294 2013 3348 Angulo
2041 3293 2109 3335 ad
2130 3292 2176 3334 K
2197 3290 2370 3342 Recto,
2397 3302 2514 3345 pro-

313 3355 534 3398 ducetur
559 3365 654 3410 per
678 3354 751 3397 27.
780 3353 893 3396 Lib.
921 3352 964 3396 4.
994 3353 1316 3408 Regiomont.
1343 3352 1576 3407 Angulus
1603 3353 1672 3396 ad
1698 3352 1748 3404 F,
1775 3353 1848 3395 57.
1876 3354 2010 3407 part.
2038 3351 2110 3394 24.
2139 3351 2306 3405 scrup.
2335 3350 2375 3392 81
2403 3349 2511 3401 FK,

2257 3434 2344 3487 53.
2364 3440 2510 3498 part.
