2976 4264
835 291 1526 347 ANNOTATIONES
1552 293 1956 347 EDITORIS
2401 296 2494 348 401

295 441 453 474 nouae
474 430 650 474 Stellae
675 431 728 473 in
754 431 860 474 suis
880 432 1347 487 significationibus
1366 444 1460 488 per
1481 433 1680 487 aliquot
1700 435 2003 488 complures
2023 446 2191 478 annos
2212 435 2495 478 duraturos

296 513 432 544 esse:
467 513 592 545 cum
616 502 775 545 Stella
803 502 892 545 illa
917 504 1031 558 jam
1065 507 1255 558 quarto
1288 515 1472 551 mense
1503 504 1556 547 in
1588 504 1732 548 Coelo
1766 505 1966 557 ardeat,
1999 517 2170 560 neque
2203 506 2378 550 adhuc
2411 518 2496 550 ex-

294 571 460 615 tincta
479 573 588 615 sit«.

355 644 424 686 ad
443 655 492 698 p.
514 644 672 701 223,2⁴]
694 643 776 686 De
797 643 1273 688 coniunctionibus
1292 645 1512 699 magnis
1531 645 1923 700 insignioribus
1943 646 2284 701 superiorum
2303 648 2497 702 plane-

298 714 488 766 tarum,
507 713 657 758 Solis
672 714 1073 759 defectionibus
1087 717 1145 759 et
1156 715 1413 769 Cometis,
1429 716 1485 759 in
1501 717 1691 770 quarta
1703 717 2041 770 Monarchia,
2058 729 2182 760 cum
2197 719 2493 761 eorundem

295 784 590 828 effectuum
619 785 880 829 historica
908 786 1271 840 expositione.
1298 787 1530 832 Auctore
1552 788 1815 842 Cypriano
1837 789 2077 832 Leouitio
2103 789 2407 846 (Laugingae
2428 790 2496 833 ad

296 856 601 899 Danubium
632 856 760 908 1564,
790 857 844 899 in
867 857 956 913 40).
997 858 1197 901 Eodem
1225 870 1365 902 anno
1394 858 1592 901 ibidem
1617 859 1810 913 prodiit
1836 859 1994 903 editio
2022 860 2341 903 Germanica
2371 860 2497 918 (Be-

295 926 635 981 schreibung
671 928 780 970 und
816 927 1045 970 Bericht
1076 924 1181 971 *der
1212 927 1554 972 fiirnemsten
1593 929 1800 983 groBen
1840 930 2363 974 Zusammenkunfft
2400 931 2501 973 der

296 997 497 1040 oberen
525 998 792 1042 Planeten
817 1032 826 1042 .
852 1032 862 1042 .
887 1032 897 1042 .
920 999 1040 1042 Von
1066 999 1360 1054 Cyprianus
1386 1013 1435 1043 v.
1466 1000 1737 1057 Leowitz).
1770 1002 1948 1044 Exstat
1977 1002 2139 1044 etiam
2169 1002 2343 1054 editio,
2375 1014 2496 1056 quae

297 1069 521 1112 Londini
540 1070 733 1123 prodiit
751 1082 796 1112 a.
819 1070 946 1122 1573,
969 1083 1134 1124 quam
1154 1071 1422 1114 concludit
1440 1070 1694 1113 Iuditium
1718 1071 1786 1114 de
1807 1073 2022 1115 cometa
2042 1072 2257 1115 mensis
2277 1073 2498 1116 decem-

296 1139 409 1182 bris
439 1140 576 1192 1572;
600 1140 685 1184 hic
707 1152 836 1184 vero
857 1141 922 1184 de
943 1143 1110 1185 stellae
1129 1141 1596 1197 significationibus
1618 1146 1773 1186 caute
1793 1146 1845 1186 et
1864 1143 2249 1198 circumspecte
2269 1144 2499 1198 loquitur

296 1211 580 1254 Leovitius.

357 1283 426 1325 ad
446 1294 494 1337 p.
517 1282 663 1339 224‚9]
694 1282 823 1325 Sixti
853 1283 920 1326 ab
953 1283 1273 1338 Hemminga
1302 1283 1446 1326 Frisii
1472 1283 1804 1338 Astrologiae
1832 1284 2042 1328 ratione
2072 1286 2129 1328 et
2154 1284 2496 1339 experientia

295 1352 545 1396 refutatae
570 1352 739 1396 liber.
766 1386 775 1396 .
801 1386 811 1396 .
834 1355 1021 1397 contra
1047 1354 1356 1408 astrologos
1386 1352 1717 1408 cyprianum
1746 1355 2071 1409 Leovitium,
2099 1356 2495 1411 Hieronymum

301 1423 609 1467 Cat-danum
632 1425 690 1467 et
706 1424 914 1467 Lucam
941 1424 1238 1469 Gauricum
1260 1415 1592 1482 (Antverpiae'
1606 1426 1734 1477 1583,
1756 1426 1809 1468 in
1827 1426 1915 1482 4⁰).

356 1495 425 1538 ad
444 1508 493 1550 p.
515 1495 674 1552 224‚12]
695 1496 768 1539 Io.
791 1496 1020 1539 Bodinus
1040 1496 1186 1552 (Jean
1206 1496 1387 1547 Bodin,
1409 1499 1515 1539 nat.
1536 1496 1664 1547 1530,
1686 1500 1842 1540 mort.
1863 1497 2008 1554 1596),
2031 1498 2254 1541 eximius
2273 1498 2500 1552 scriptor

297 1566 494 1618 Gallus,
525 1566 614 1620 qui
632 1579 718 1610 res
737 1567 977 1621 publicas
996 1567 1262 1618 tractavit,
1291 1579 1425 1621 opus
1445 1579 1602 1610 suum
1622 1568 1857 1611 maxime
1877 1569 2242 1621 memorabile,
2271 1568 2384 1611 Les
2406 1568 2499 1611 six

295 1636 467 1679 livres
487 1637 557 1679 de
577 1638 631 1680 la
651 1636 1014 1692 Republique,
1036 1638 1240 1681 Parisiis
1261 1638 1432 1681 emisit
1452 1651 1499 1680 a.
1523 1638 1650 1682 1576.
1674 1638 1930 1690 Quamvis
1949 1651 2078 1682 vero
2098 1639 2231 1683 liber
2250 1641 2317 1683 ab
2340 1640 2499 1694 opini-

297 1708 486 1752 onibus
511 1709 852 1763 praesumptis
878 1709 1086 1752 animus
1112 1710 1223 1765 eJus
1250 1712 1402 1761 esset,
1434 1709 1533 1751 arti
1557 1713 1740 1753 tamen
1766 1710 1990 1765 magicae
2017 1710 2224 1753 deditus
2250 1714 2378 1762 erat,
2409 1723 2499 1753 nu-

298 1780 457 1823 meris
470 1780 610 1823 vires
625 1781 864 1824 occultas
877 1780 1048 1824 inesse
1063 1780 1396 1835 opinabatur,
1420 1792 1568 1834 opus,
1592 1781 1734 1835 quod
1748 1781 2049 1824 inscribitur
2061 1780 2200 1824 Dem
2207 1781 2498 1824 onomanie

297 1850 400 1894 des
421 1850 688 1904 SorcierS,
711 1851 873 1895 edidit
893 1864 940 1894 a.
967 1850 1093 1894 1580.

357 1923 426 1965 ad
445 1934 495 1977 p.
517 1922 675 1979 224‚u]
703 1922 898 1965 Miram
923 1923 1069 1965 illam
1095 1922 1396 1965 doctrinam
1421 1923 1650 1976 respicit,
1678 1935 1841 1977 quam
1866 1927 2218 1978 proposuerat
2238 1924 2498 1975 Rheticus,

298 1993 386 2047 qui
406 2005 542 2036 unus
562 1997 677 2036 erat
697 1993 982 2048 discipulus
998 1993 1287 2048 Copernici,
1309 1993 1362 2036 in
1374 1993 1550 2036 Narra
1557 1993 1700 2037 tione
1713 1993 1893 2048 prima
1907 1994 2048 2051 (quae
2062 1994 2294 2048 primum
2309 1994 2500 2049 prodiit

299 2065 503 2107 Gedani
526 2064 654 2116 1540,
681 2068 868 2119 postea
888 2076 1016 2108 vero
1044 2076 1168 2108 cum
1196 2064 1423 2108 editione
1443 2066 1679 2109 secunda
1699 2065 1872 2120 operis
1893 2065 2168 2120 Copernici
2187 2065 2271 2107 De
2291 2065 2501 2108 revolu-

301 2135 538 2178 tionibus
570 2135 806 2192 [Basileae
843 2135 972 2193 1566]
1005 2136 1146 2179 edita
1178 2136 1290 2193 est),
1323 2136 1435 2191 ipse
1463 2148 1592 2180 vero
1623 2137 1944 2191 Copernicus
1974 2149 2239 2191 nusquam
2268 2148 2501 2180 comme-

299 2211 620 2251 moraverat.
644 2207 775 2250 Cum
796 2208 1036 2250 maxima
1055 2211 1194 2250 esset
1214 2207 1580 2251 eccentricitas
1600 2208 1788 2251 orbitae
1801 2208 1978 2251 Terrae
1997 2208 2046 2264 (i.
2069 2220 2113 2251 e.
2137 2208 2280 2251 circa
2302 2220 2500 2250 annum

299 2282 420 2322 ante
434 2279 551 2321 Chr.
565 2292 614 2322 n.
627 2278 700 2330 64,
713 2282 771 2322 ut
781 2278 948 2322 voluit
959 2278 1313 2335 Copernicus),
1329 2290 1446 2321 rem
1455 2279 1726 2333 publicam
1738 2280 2034 2322 Romanam
2047 2279 2115 2322 ad
2128 2278 2500 2322 monarchiam

299 2349 593 2393 declinasse
620 2350 707 2401 ait,
734 2350 822 2392 illa
841 2361 971 2393 vero
999 2350 1355 2401 decrescente,
1382 2349 1663 2404 imperium
1692 2361 1902 2404 quoque
1924 2350 2220 2393 Romanum
2244 2349 2501 2392 defecisse

300 2424 459 2475 atque
485 2421 779 2465 evanuisse.
808 2422 942 2464 Cum
967 2432 1128 2475 porro
1156 2420 1523 2463 eccentricitas
1549 2421 1833 2464 mediocris
1854 2420 1997 2463 facta
2018 2423 2170 2472 esset,
2198 2421 2365 2462 latam
2385 2431 2500 2462 esse

298 2494 470 2547 legem
498 2492 993 2543 Mahommeticam,
1026 2492 1358 2545 alterumque
1384 2503 1638 2546 magnum
1662 2491 1944 2545 imperium
1972 2494 2149 2534 ortum
2179 2502 2308 2543 esse,
2340 2491 2498 2545 quod,

300 2575 425 2606 cum
451 2564 652 2607 saeculo
678 2563 820 2605 XVII
847 2562 1213 2606 eccentricitas
1240 2561 1462 2605 minima
1487 2562 1631 2605 facta
1652 2565 1804 2613 esset,
1833 2575 1865 2604 a
1891 2573 2105 2605 summo
2132 2561 2336 2616 fastigio
2362 2563 2502 2604 velo-

300 2634 430 2677 citer
451 2637 589 2677 esset
608 2633 884 2676 ruiturum.
907 2634 1146 2687 Denique
1167 2644 1293 2676 cum
1312 2633 1503 2676 iterum
1524 2633 1808 2676 mediocris
1826 2633 1972 2676 facta
1986 2636 2124 2676 esset
2137 2632 2501 2676 eccentricitas

299 2704 462 2761 (circa
474 2705 533 2747 A.
545 2705 607 2747 D.
623 2705 774 2761 2500),
790 2706 1086 2748 secundum
1097 2703 1286 2747 Christi
1301 2704 1589 2746 adventum
1604 2715 1719 2746 esse
1731 2704 2147 2758 exspectandum
2158 2703 2260 2760 (De
2271 2704 2499 2746 revolut.

300 2788 349 2830 p.
366 2776 453 2818 453
468 2775 549 2819 ed.
565 2775 762 2832 secul.).
786 2776 852 2818 At
872 2775 1144 2829 quomodo
1165 2774 1531 2818 eccentricitas
1551 2774 1903 2817 mutationem
1922 2774 2268 2829 imperiorum
2287 2774 2500 2817 efficere

301 2846 480 2900 possit,
496 2846 548 2888 in
563 2846 786 2900 epistula
801 2847 870 2889 ad
879 2846 1189 2900 Tychonem
1204 2846 1331 2888 data
1344 2845 1565 2888 irridens
1580 2845 1768 2899 quaerit
1780 2845 2187 2900 Christophorus
2203 2845 2502 2888 Rothmann

301 2916 493 2973 (Epist.
516 2917 718 2960 astron.
741 2930 790 2972 p.
817 2917 932 2973 131).

362 2988 432 3030 ad
451 3000 500 3042 p.
522 2988 680 3045 225‚29]
708 2988 881 3030 David
902 2988 1180 3041 Chytraeus
1205 2986 1542 3043 (Germanice
1570 2986 1854 3038 Kochhaff,
1882 2990 1987 3029 nat.
2015 2986 2142 3037 1530,
2171 2989 2326 3029 mort.
2354 2985 2499 3041 1600),

301 3058 386 3101 De
403 3057 577 3102 Stella
597 3058 652 3100 in
660 3058 858 3101 usiz‘ata
879 3059 937 3101 et
949 3068 1093 3101 nova
1108 3068 1232 3112 quae
1245 3067 1440 3100 mense
1453 3056 1757 3100 Novembri
1768 3067 1913 3100 anno
1931 3056 2045 3099 1572
2058 3055 2308 3110 conspici
2320 3055 2497 3109 coepit,

303 3130 361 3172 et
377 3129 446 3172 de
467 3129 682 3173 comato
702 3128 885 3172 sidere
905 3129 1191 3186 (Rostochii
1207 3129 1335 3180 1577,
1356 3128 1410 3171 in
1422 3127 1517 3185 4⁰);
1540 3127 1606 3171 cf.
1624 3128 1861 3184 ejusdem
1876 3126 2160 3170 Enarratio
2174 3126 2229 3169 in
2243 3126 2502 3169 Deutero-

303 3199 524 3243 nomion
544 3200 882 3257 (Witebergae
906 3199 1037 3257 1590)
1055 3212 1140 3254 pp.
1166 3199 1249 3242 140
1268 3211 1380 3253 sqq.

365 3271 434 3314 ad
452 3283 502 3325 p.
523 3271 646 3323 226,3
666 3271 682 3328 ]
702 3271 843 3314 Plinii
862 3270 1003 3313 Hist.
1026 3271 1134 3313 nat.
1158 3271 1203 3313 II
1223 3271 1421 3322 25‚92—93.

365 3342 434 3384 ad
454 3354 503 3396 p.
524 3342 682 3399 226,³³]
701 3342 891 3397 Vergil.
914 3341 1035 3384 AEn.
1059 3341 1079 3383 1
1100 3341 1202 3384 488.

449 3427 490 3461 51
