2976 4264
225 999 266 1033 10

225 1296 266 1330 15

689 311 1570 369 PROGYMNASMATUM
1596 314 1910 367 TERTIA
1937 316 2139 368 PARS
2427 318 2518 368 189

317 454 534 499 stractus
567 455 634 498 ab
667 456 748 499 his
778 456 1071 499 Caelestium
1106 456 1656 512 contemplationibus,
1691 467 1785 510 per
1817 457 2095 499 nonnullas
2127 456 2399 500 inferiores
2429 457 2520 500 hu-

315 527 504 558 manas
524 515 747 558 caussas:
773 519 831 558 ut
850 515 1078 559 fortunae
1099 516 1260 559 etiam
1282 516 1433 560 bonis
1452 515 1653 559 interea
1674 515 2018 567 consulerem,
2041 516 2282 570 adeoque
2303 515 2519 560 coacstus

314 574 600 617 immature
619 575 813 617 librum
834 575 1098 627 claudere,
1121 576 1162 618 81
1183 588 1405 619 manum
1423 576 1608 619 tollere
1629 576 1695 618 de
1714 574 1929 618 Tabula.
1957 576 2219 619 Praeterea
2239 587 2364 618 cum
2388 588 2520 630 prae-

316 633 500 688 cipuus
523 634 717 677 horum
738 646 983 678 meorum
1009 635 1255 678 laborum
1276 635 1479 690 Scopus
1506 634 1591 678 hic
1618 634 1754 686 esset‚
1781 637 1838 677 ut
1863 634 2056 688 ubique
2082 635 2315 689 gentium
2340 635 2520 690 (prius-

317 705 480 747 quam
491 694 830 737 euanesceret
843 694 962 737 haec
977 694 1233 737 rarissima
1244 695 1284 736 81
1298 694 1728 748 opportunissima
1742 693 1971 751 occasio)
1985 693 2319 738 exactissimae
2332 694 2520 738 fierent

317 752 740 804 Obseruationes,
763 753 952 807 quibus
967 754 1008 796 81
1023 753 1121 797 Dei
1134 756 1439 807 portentum
1453 765 1621 808 nuper
1632 753 1890 796 terricolis
1905 754 2213 808 expositum,
2229 757 2343 796 tum
2358 754 2519 797 etiam

315 812 587 855 immensae
608 812 762 867 ipfius
783 813 1070 856 caelestium
1091 813 1435 867 Sphaerarum
1462 813 1722 856 mirandae
1744 812 2011 856 Machinae
2038 813 2291 864 absoluta,
2320 816 2411 856 aut
2431 814 2521 856 sal-

314 875 426 915 tem
451 871 745 915 indubitata
771 872 939 927 magis
966 872 1279 916 mortalibus
1304 872 1652 916 innotesceret
1677 871 1914 915 doctrina
1943 877 2086 929 (cum
2112 873 2374 915 incertum
2400 873 2521 916 esset

317 931 572 985 quamdiu
592 931 711 974 haec
731 932 932 975 luceret
945 931 1123 988 Stella)
1142 932 1426 976 consultius
1447 931 1561 975 fore
1580 932 1778 986 putaui,
1799 943 2002 986 paucos
2022 932 2150 974 dum
2170 935 2380 986 tempus
2400 932 2521 976 esset

316 991 537 1044 laqueos
558 991 599 1033 81
620 990 891 1034 cassiculos
910 991 1147 1034 tendere:
1177 1003 1339 1045 quam
1361 991 1671 1046 amplissima
1694 991 1805 1034 sero
1826 991 1958 1034 retia
1985 992 2287 1045 expandere
2313 991 2518 1043 frustra,

317 1062 440 1093 cum
472 1049 582 1092 iam
609 1050 785 1104 elapsa
811 1050 1134 1105 praeterijsset
1158 1051 1356 1104 praeda.
1394 1050 1611 1094 Posthac
1643 1053 1826 1094 tamen
1858 1050 2162 1104 compositis
2194 1051 2235 1093 ἃ
2269 1051 2520 1105 superatis

316 1109 712 1152 mundanarum
732 1121 912 1166 rerum
933 1109 974 1151 81
993 1109 1223 1153 fortunae
1242 1110 1654 1164 impedimentis:
1679 1110 1886 1152 rursum
1906 1109 2118 1153 fauente
2140 1110 2254 1153 Deo
2276 1111 2345 1153 ad
2364 1110 2522 1164 placi-

317 1168 545 1212 dissimos
565 1169 770 1212 nostros
792 1168 1203 1213 Mathematicos
1223 1181 1560 1213 recurremus
1581 1169 1768 1213 fontes.
1795 1169 2241 1224 Tentabimusque
2262 1173 2520 1223 quantum

316 1228 369 1270 in
396 1227 498 1271 hac
525 1228 741 1270 ualeant
765 1228 958 1271 nostrae
982 1228 1256 1272 Prouincia
1284 1229 1465 1281 Musae,
1493 1229 1534 1271 81
1561 1240 1682 1283 quae
1708 1229 1861 1272 nobis
1885 1228 2186 1283 aperientur
2206 1229 2252 1271 N
2256 1231 2425 1272 aturae
2452 1229 2521 1272 se-

317 1290 462 1330 creta
482 1287 814 1341 potentissimi
835 1287 1046 1339 auxilio,
1071 1288 1303 1331 studiosis
1323 1288 1548 1331 fideliter
1567 1287 1767 1331 cuntstis
1787 1287 2319 1331 communicabimus.
2342 1286 2362 1347 ΙΙ

199 1430 286 1474 676
339 1420 628 1473 EORUM
656 1420 850 1484 QUAE
876 1420 1290 1473 PRAEMISSO
1318 1421 1698 1474 DIGGESEI
1726 1421 2125 1474 CAPITULO
2154 1421 2503 1474 COMPRE-

222 1760 268 1794 20

223 2117 268 2150 25

888 1503 1425 1564 HENDUNTUR‚
1454 1504 1952 1568 DISQUISITIO.

388 1599 668 1663 Proponit
681 1598 755 1650 ab
771 1601 937 1650 initio
951 1599 1215 1659 modum,
1234 1615 1371 1663 quo,
1391 1599 1613 1664 absque
1627 1599 1972 1664 sumptuosis
1987 1600 2039 1651 &
2053 1606 2263 1664 paratu
2277 1598 2521 1651 difficili-

317 1671 426 1722 bus
441 1670 666 1735 mediJS‚
682 1685 761 1721 an
775 1669 1226 1722 Phaenomenon
1239 1670 1498 1735 aliquod,
1520 1670 1812 1723 Parallaxi
1826 1670 2071 1723 senfibili
2084 1670 2391 1730 subiaceat,
2413 1685 2522 1722 nec

317 1756 409 1801 ne,
436 1748 704 1806 prompte
725 1741 968 1793 discerni
989 1748 1181 1806 queat.
1211 1742 1280 1793 Et
1304 1741 1442 1794 sane
1467 1742 1509 1793 fi
1533 1742 1822 1794 summam
1851 1758 1975 1794 non
1999 1740 2213 1806 spedtes
2238 1741 2521 1806 praecifio-

317 1828 473 1872 nem,
501 1819 677 1877 atque
698 1811 1148 1864 Phaenomenon
1167 1813 1355 1877 ipsum
1377 1817 1542 1865 omni
1561 1820 1727 1865 motu
1746 1816 1990 1878 proprio.
2006 1820 2188 1873 vacet,
2216 1812 2345 1864 haec
2371 1815 2520 1864 ratio

318 1899 441 1935 non
460 1884 841 1936 incommoda
860 1883 1196 1936 censebitur.
1220 1884 1464 1937 Certum
1485 1888 1701 1937 etenim
1723 1885 1814 1946 est,
1836 1885 2008 1937 Sidus
2023 1884 2264 1948 aliquod
2277 1887 2339 1935 in
2353 1884 2520 1936 subli-

317 1957 491 2006 miori
510 1955 616 2007 fitu
636 1955 901 2019 politum,
924 1955 976 2006 &
996 1971 1133 2007 cum
1152 1955 1382 2008 duabus
1402 1956 1498 2008 vel
1516 1956 1700 2008 tribus
1720 1956 1877 2007 Fixis
1892 1956 2098 2016 Stellis,
2121 1955 2377 2007 eundem
2396 1970 2521 2006 ver-

316 2026 550 2078 ticalem
584 2026 890 2079 Circulum
920 2028 1041 2078 vna
1072 2026 1358 2088 obtinenS,
1397 2027 1650 2092 ideoque
1686 2027 1943 2079 eundem
1981 2030 2158 2079 etiam
2190 2025 2430 2079 dudtum
2460 2029 2523 2077 in

318 2097 622 2149 humiliori
642 2097 1011 2166 postmodum
1032 2098 1434 2159 collocatione,
1459 2114 1843 2163 nequaquam
1864 2114 1999 2150 cum
2019 2098 2221 2163 ijsdem
2242 2096 2523 2150 directum

317 2171 611 2221 tramitem
631 2168 884 2221 efficere:
912 2169 1026 2221 Sed
1045 2169 1228 2234 paulo
1247 2169 1533 2222 humilius
1554 2171 1863 2222 necessario
1884 2170 2064 2230 reddi,
2085 2169 2126 2220 fi
2145 2169 2324 2221 modo
2346 2168 2522 2220 alicui

317 2239 563 2291 sensibili
588 2238 869 2305 Aspetftus
899 2240 1213 2292 diuerfitati
1240 2256 1272 2292 e
1299 2241 1748 2293 Semidiametro
1774 2240 1973 2293 Terrae
2002 2243 2392 2304 prouenienti,
2424 2240 2521 2291 ob-

318 2314 568 2363 noxium
586 2311 781 2363 fuerit:
805 2311 983 2375 Quod
1002 2318 1203 2363 tamen
1223 2312 1352 2364 haec
1372 2328 1476 2378 per
1489 2312 1672 2364 solam
1688 2312 1971 2377 Regulam
1985 2315 2147 2364 varie
2162 2311 2520 2371 inclinatam,

220 2412 225 2417 ,
318 2389 378 2434 vt
402 2389 462 2434 vt
490 2382 676 2434 fulcro
707 2385 1059 2447 competenti
1087 2385 1372 2444 innixam,
1403 2383 1666 2436 adhibito
1695 2383 1896 2435 saltem
1926 2383 2150 2435 oculari
2174 2384 2391 2434 intuitu
2419 2397 2523 2446 per

223 2471 270 2506 30

224 2826 270 2860 35

226 3181 271 3215 40

320 2453 557 2519 Regulae
577 2453 763 2506 latera
781 2457 845 2505 in
865 2454 1074 2506 Stellas
1094 2452 1327 2515 (111οἂ0,
1349 2455 1571 2519 absque
1585 2454 1717 2506 vllis
1733 2455 1995 2518 Dioptris
2011 2453 2062 2505 &
2077 2454 2207 2519 alijs
2222 2452 2520 2517 requifitiS,

320 2527 462 2576 citra
482 2540 723 2576 omnem
742 2524 1271 2576 hallucinationem
1286 2525 1573 2577 collimari
1588 2532 1824 2589 queant,
1845 2528 1943 2576 vix
1964 2524 2311 2576 admiserim.
2334 2523 2522 2588 Siqui-

320 2596 455 2647 dem
483 2611 607 2647 non
633 2612 706 2647 ex
731 2598 905 2647 vnico
935 2596 1091 2647 oculi
1120 2594 1338 2660 pund'to
1368 2596 1567 2648 radius
1594 2596 1830 2648 visualis
1859 2595 2200 2647 omnimode
2230 2594 2521 2659 procedat.

320 2667 390 2718 Et
410 2666 631 2718 etiamsi
653 2666 767 2718 hoc
786 2666 967 2726 fieret,
994 2670 1297 2731 ignoratur
1316 2683 1396 2718 an
1416 2674 1682 2719 centrum
1700 2667 1854 2718 visus
1874 2670 1936 2718 111
1957 2667 2167 2718 eodem
2186 2666 2367 2731 plano
2389 2681 2523 2718 cum

319 2737 500 2789 latere
515 2737 752 2802 Regulae
768 2744 944 2801 atque
959 2737 1274 2790 Stellarum
1292 2741 1676 2798 contineatur,
1698 2738 1965 2802 nihilque
1980 2737 2268 2789 hincinde
2283 2736 2357 2788 ab
2371 2743 2523 2788 vtro—

321 2824 435 2872 que
456 2808 636 2860 latere
657 2814 837 2868 nutet,
866 2808 1010 2872 (imo
1030 2808 1072 2859 fi
1092 2808 1414 2872 aliqualem
1434 2809 1693 2861 obtineat
1711 2809 2098 2868 latitudinem,
2125 2807 2391 2873 idipsum,
2419 2810 2524 2859 im-

319 2886 482 2931 moto
502 2886 885 2943 permanente
907 2879 1097 2938 001110,
1119 2879 1441 2931 discernere
1455 2879 1792 2943 impossibile
1808 2879 1928 2943 estt)
1950 2886 2008 2932 at
2021 2879 2135 2931 1100
2149 2879 2524 2943 aliquatenus

319 2953 564 3009 variato,
585 2950 707 3014 ipsa
727 2950 1160 3002 animaduerfio
1179 2953 1378 3002 minus
1398 2957 1525 3002 rata
1544 2951 1824 3003 redditur:
1846 2950 2165 3015 praesertim
2179 2966 2315 3002 cum
2329 2950 2524 3002 Stellae

320 3020 634 3073 vniuersali
654 3021 1012 3072 reuolutioni
1031 3028 1319 3085 parentes,
1340 3021 1442 3073 sub
1463 3022 1673 3073 eodem
1687 3022 1949 3074 verticali
1963 3037 2086 3073 non
2100 3021 2202 3073 diu
2215 3021 2522 3086 persistant.

321 3093 391 3144 Et
410 3099 609 3144 centra
628 3092 750 3156 ipsa
764 3091 1078 3144 Stellarum
1095 3091 1207 3144 hac
1225 3092 1638 3145 collineatione
1655 3096 1997 3158 pertingere,
2020 3108 2238 3157 easque
2251 3091 2524 3144 bifariam

321 3164 611 3223 dirimere,
639 3163 892 3215 fortunae
918 3165 1114 3227 potius
1141 3178 1322 3227 quam
1343 3164 1501 3215 Artis
1528 3179 1677 3228 opus
1701 3164 1791 3216 est.
1821 3164 1958 3227 Qua
1978 3164 2049 3216 de
2070 3179 2132 3215 re
2154 3178 2289 3215 cum
2309 3162 2523 3215 Mesth-

321 3234 427 3286 lini
446 3234 548 3286 tali
568 3234 748 3286 modo
769 3233 1119 3286 obseruandi
1139 3236 1430 3286 rationem
1451 3242 1872 3296 exenteremus,
1900 3235 2153 3287 nostram
2179 3234 2525 3286 sententiam

320 3305 553 3369 plenius
573 3308 900 3356 innuimus:
927 3306 1276 3369 potissimum
1295 3305 1445 3357 libro
1464 3305 1742 3370 sequenti,
1769 3322 1840 3358 ex
1864 3322 1983 3370 quo
2003 3309 2052 3358 is
2074 3306 2340 3358 Cometae
2361 3306 2525 3356 Anni

322 3377 448 3429 1577
463 3376 840 3428 Parallaxeos
859 3375 1286 3436 scrutationem,
1308 3391 1411 3441 per
1427 3376 1482 3428 se
1500 3377 1823 3429 admodum
1838 3377 2137 3429 difficilem
2150 3384 2272 3429 tam
2285 3376 2524 3440 fimplici

2089 3448 2141 3499 &
2161 3447 2522 3499 nutabundae
