2976 4264
547 323 1074 376 STELLARUM
1102 322 1731 375 INERRANTIUM
1758 322 2275 377 RESTITUTIO
2412 324 2517 377 349

321 473 2472 621 ι

727 666 785 709 In
805 678 941 721 genu
960 665 1170 709 sinistro
1790 558 1858 716 Q¹
1877 666 2030 710 2444
2179 667 2208 709 2
2245 667 2329 714 244
2355 668 2392 710 Β
2441 667 2470 711 6

596 736 1579 791 1³1Boreahormsupenonfimbna
1600 737 1748 781 duar.
1790 734 1846 787 Q
1877 738 1935 781 27
1972 737 2031 781 49
2155 738 2202 780 11
2275 739 2329 785 24
2355 739 2393 781 Β
2443 740 2470 781 5

612 821 629 851 ι
728 808 905 851 Media
923 807 1084 851 trium
1105 808 1158 850 in
1176 807 1390 851 fimbria
1790 805 1847 858 Q
1877 809 1935 852 28
2002 809 2031 852 9
2181 810 2208 852 7
2251 809 2328 856 184
2354 810 2391 852 Β
2442 810 2471 852 4

596 891 629 922 κ
727 879 919 923 Infima
938 882 991 923 et
1011 879 1258 923 australis
1790 876 1847 929 Q
1877 880 1936 923 28
1973 880 2025 923 51
2181 880 2209 923 2
2246 881 2328 927 574
2354 882 2392 924 Β
2442 880 2471 923 4

590 963 628 1003 φ
726 950 1013 994 Australior
1032 951 1182 994 duar.
1204 950 1498 1005 insuperio.
1521 950 1734 994 fimbria
1790 948 1846 1000 Q
1877 951 1936 994 29
1973 951 2055 997 514
2092 951 2114 975 *
2156 951 2203 993 11
2246 951 2304 994 48
2356 953 2393 994 B
2442 951 2472 994 4

599 1018 629 1064 λ
727 1023 786 1065 In
807 1021 1025 1066 australi
1042 1023 1178 1077 pede
1791 1021 1845 1079 m
1913 1022 1930 1065 1
1973 1022 2031 1065 22
2180 1022 2209 1065 0
2246 1022 2329 1069 314
2355 1024 2393 1066 Β
2442 1022 2471 1065 4

597 1106 629 1145 μ
727 1094 786 1136 In
806 1093 1008 1137 boreali
1027 1105 1122 1137 seu
1142 1094 1330 1137 dextro
1350 1093 1485 1148 pede
1791 1092 1845 1150 ‘m
1907 1093 1936 1136 4
1973 1093 2032 1136 30
2181 1093 2209 1136 9
2246 1093 2304 1136 49
2356 1095 2394 1136 B
2443 1093 2472 1136 4

601 1171 649 1207 d¹
726 1164 949 1208 Inferior
968 1165 1118 1208 duar.
1138 1164 1273 1208 inter
1291 1164 1523 1208 uindem.
1546 1168 1598 1208 et
1618 1165 1749 1220 cing.
1790 1160 1846 1214 Q
1912 1166 1930 1208 1
1973 1165 2026 1207 21
2092 1164 2114 1188 *
2156 1164 2209 1207 10
2246 1164 2305 1207 26
2356 1166 2394 1208 Β
2443 1165 2471 1208 6

600 1254 626 1288 p
726 1236 962 1291 Sequens
981 1236 1129 1279 illam
1149 1248 1271 1291 quae
1290 1236 1342 1279 in
1363 1237 1518 1280 clune
1538 1237 1725 1280 dextra
1790 1232 1846 1285 Q
1878 1237 1931 1279 21
1973 1236 2054 1282 374
2092 1236 2114 1260 ¹⁸
2181 1235 2210 1278 9
2247 1235 2328 1283 404
2356 1237 2393 1278 Β
2443 1236 2471 1279 6

607 1325 629 1351 c
727 1308 860 1360 Quae
881 1310 960 1351 est
979 1307 1032 1351 in
1052 1307 1262 1351 ceruice
1625 1322 1627 1325 ’
1784 1305 1850 1364 ΠΡ
1878 1307 1935 1350 27
1972 1307 2055 1354 454
2092 1307 2115 1331 *
2181 1306 2210 1349 4
2247 1307 2328 1355 594
2355 1308 2393 1350 Β
2443 1307 2471 1350 6

605 1397 628 1421 e
725 1380 950 1422 Parvula
969 1390 1196 1433 sequens
1215 1378 1677 1422 uindemiatricem
1790 1374 1847 1427 Q
1909 1378 1936 1421 8
1973 1378 2030 1421 25
2092 1378 2114 1403 ¹⁸
2156 1377 2210 1421 16
2251 1378 2305 1421 14
2354 1379 2392 1421 Β
2443 1378 2471 1421 6

597 1461 629 1493 σ
725 1451 956 1494 Praeced.
978 1450 1337 1494 triurninrec.
1359 1451 1497 1494 linea
1519 1451 1620 1494 alae
1636 1451 1749 1494 bor.
1790 1445 1847 1498 Q
1883 1450 1936 1493 10
1978 1449 2025 1492 11
2092 1449 2114 1473 *
2156 1449 2210 1491 12
2246 1449 2329 1497 404
2355 1450 2393 1492 Β
2443 1451 2470 1492 5

727 1521 906 1565 Media
926 1521 1218 1564 earundem
1790 1516 1847 1569 Q
1883 1521 1936 1563 14
1973 1520 2031 1564 46
2092 1520 2114 1545 ¹⁸¹
2156 1520 2210 1562 12
2246 1521 2328 1568 344
2355 1521 2393 1563 Β
2442 1520 2470 1564 6

602 1605 630 1636 τ
726 1593 961 1647 Sequens
1790 1587 1847 1640 Q
1878 1593 1936 1635 22
1978 1592 2026 1634 11
2091 1592 2114 1616 *
2156 1591 2209 1634 13
2276 1593 2328 1639 74
2355 1593 2393 1635 Β
2442 1594 2469 1634 5

600 1671 627 1707 b
727 1664 860 1716 Quae
881 1666 961 1707 est
979 1663 1115 1707 inter
1135 1667 1384 1719 quartam
1403 1667 1455 1707 et
1476 1665 1715 1719 quintam
1784 1661 1850 1719 m)
1877 1664 1936 1706 22
1973 1663 2055 1711 564
2092 1663 2114 1687 *
2181 1662 2209 1705 3
2246 1663 2328 1710 224
2355 1663 2393 1705 Β
2442 1663 2470 1706 6

599 1749 629 1788 χ
727 1735 886 1779 Infor.
908 1735 1006 1779 sub
1028 1735 1140 1779 bra.
1162 1735 1296 1779 sinis.
1319 1735 1372 1778 in
1390 1747 1497 1779 rec.
1519 1735 1568 1779 li.
1589 1736 1751 1779 trium

785 1806 1016 1862 praeced.
1790 1801 1847 1854 Q
1907 1805 1936 1849 6
1972 1805 2031 1849 38
2181 1805 2209 1848 3
2246 1806 2329 1852 254
2353 1806 2398 1848 Α
2442 1807 2469 1847 5

582 1884 625 1931 ψ
727 1877 906 1921 Media
1790 1872 1847 1925 Q
1882 1877 1936 1920 10
1972 1876 2031 1920 39
2181 1875 2209 1919 3
2246 1877 2304 1920 23
2354 1877 2398 1919 Α
2442 1878 2469 1919 5

604 1968 630 2003 g
726 1949 961 2004 Sequens
1789 1943 1847 1996 Q
1882 1948 1936 1991 14
2003 1947 2056 1995 84
2181 1946 2209 1990 3
2251 1948 2328 1995 134
2355 1948 2400 1990 Α
2442 1949 2469 1990 5

726 2021 833 2065 Sub
854 2020 1003 2076 spica
1021 2020 1234 2076 uirginis
1253 2019 1414 2064 trium
1433 2022 1746 2076 praecedens
1789 2015 1847 2068 Q
1882 2019 1934 2062 17
1978 2019 2030 2062 13
2182 2019 2209 2061 7
2246 2019 2299 2062 51
2354 2019 2400 2061 A
2442 2020 2470 2061 5

728 2092 906 2136 Media
927 2092 996 2135 ad
1016 2092 1270 2135 Austrum
1790 2086 1847 2139 Q
1883 2090 1937 2133 19
1974 2091 2031 2134 35
2182 2088 2210 2131 9
2252 2090 2305 2133 16
2354 2090 2399 2132 A
2443 2092 2470 2132 5

727 2164 961 2219 sequens
981 2166 1033 2207 et
1054 2163 1371 2208 Orientalior
1790 2157 1847 2211 Q
1878 2162 1937 2205 20
1954 2136 1958 2268 ἱ
1974 2162 2056 2209 354
2182 2160 2210 2203 6
2252 2162 2330 2209 164
2354 2161 2399 2204 Α
2443 2163 2470 2204 5

1132 2294 1343 2337 LIBRA.

598 2385 631 2415 α
728 2373 880 2416 Lanx
901 2371 1136 2415 austrina
1792 2373 1847 2430 'nl
1909 2375 1937 2418 9
1973 2375 2026 2418 31
2182 2373 2210 2416 0
2247 2375 2305 2419 26
2356 2375 2394 2417 Β
2443 2375 2471 2417 2

600 2457 631 2496 μ
728 2444 862 2495 Quae
882 2445 961 2486 est
980 2454 1142 2498 supra
1163 2444 1451 2487 australem
1471 2444 1682 2486 lancem
1793 2444 1848 2501 m
1910 2446 1937 2489 8
1974 2446 2032 2489 42
2187 2445 2204 2487 1
2247 2448 2304 2489 55
2356 2446 2394 2488 Β
2442 2447 2470 2488 5

600 2511 630 2565 β
729 2516 881 2558 Lanx
902 2514 1068 2558 borea
1792 2515 1847 2572 ‘nl
1884 2517 1936 2560 13
1974 2517 2032 2560 48
2183 2515 2210 2558 8
2246 2518 2304 2561 35
2356 2517 2394 2559 Β
2442 2517 2470 2559 2

600 2583 629 2629 ὃ
729 2586 863 2638 Quae
878 2597 1039 2640 supra
1053 2586 1328 2630 borealem
1342 2586 1477 2629 lanc.
1492 2586 1750 2629 adoccas.
1793 2585 1847 2643 1η
1909 2587 1938 2631 9
1973 2587 2057 2635 404
2183 2586 2210 2629 8
2252 2588 2329 2635 184
2356 2587 2393 2629 Β
2442 2587 2471 2630 4

603 2669 633 2701 ν
729 2657 902 2700 Prima
922 2657 990 2701 ab
1012 2656 1248 2700 austrina
1267 2657 1421 2700 lance
1442 2657 1511 2700 ad
1531 2659 1709 2700 ortum
1793 2657 1847 2714 ‘m
1884 2659 1938 2701 12
1974 2659 2057 2706 264
2187 2657 2205 2699 1
2252 2659 2306 2701 14
2356 2658 2394 2700 B
2443 2660 2470 2701 5

602 2741 632 2772 o
730 2728 974 2772 Secunda
995 2728 1062 2771 ab
1084 2728 1276 2771 eadem
1295 2728 1448 2771 lance
1469 2728 1535 2771 ad
1558 2731 1735 2771 ortum
1793 2727 1848 2785 'm
1885 2730 1937 2773 16
1979 2729 2033 2773 19
2182 2728 2211 2771 2
2247 2730 2330 2777 584
2356 2730 2394 2772 Β
2443 2730 2471 2773 6

604 2813 634 2852 γ
729 2799 903 2843 Tertia
925 2799 991 2842 ab
1013 2799 1206 2842 eadem
1224 2799 1377 2842 lance
1398 2799 1467 2842 ad
1487 2802 1665 2842 ortum
1793 2798 1848 2856 m
1885 2800 1938 2843 19
1974 2801 2032 2844 33
2182 2799 2211 2842 4
2247 2801 2306 2844 28
2357 2801 2394 2843 B
2442 2801 2470 2844 3

600 2883 630 2922 η
732 2870 866 2922 Quae
886 2873 966 2913 est
984 2869 1122 2913 infra
1141 2870 1281 2913 hanc
1303 2870 1372 2912 ad
1393 2872 1570 2913 ortum
1793 2869 1848 2927 m
1880 2872 1933 2914 21
1974 2871 2058 2918 484
2182 2870 2211 2912 4
2277 2871 2306 2914 4
2356 2872 2393 2914 Β
2443 2872 2472 2914 4

607 2939 634 2995 ζ
732 2942 865 2993 Quae
884 2941 1021 2984 infra
1041 2941 1270 2984 eandem
1290 2941 1359 2984 ad
1379 2952 1636 2984 occasum
1794 2941 1846 2997 m
1886 2942 1939 2985 19
1975 2942 2033 2985 27
2182 2941 2211 2983 2
2248 2943 2300 2986 21
2356 2943 2393 2985 Β
2443 2943 2472 2986 4

608 3025 634 3056 ε
732 3013 866 3064 Quae
887 3015 966 3056 est
985 3011 1122 3055 infra
1142 3011 1366 3055 boream
1386 3013 1522 3056 lanc.
1546 3012 1615 3055 ad
1636 3014 1734 3055 ort.
1794 3012 1849 3069 ῐη
1886 3014 1939 3056 15
1975 3013 2034 3056 46
2183 3012 2211 3055 8
2278 3015 2305 3056 7
2357 3014 2395 3056 B
2443 3014 2471 3056 4

603 3097 636 3126 κ
733 3082 1758 3139 Infor.duar.infraAust.lanc.quper.
1794 3083 1849 3140 Ῐη
1881 3085 1939 3127 22
1981 3084 2028 3126 11
2183 3083 2212 3126 O
2277 3085 2331 3131 24
2356 3085 2394 3127 Β
2443 3085 2472 3127 4

605 3151 635 3198 λ
733 3154 955 3198 Inferior
974 3155 1267 3198 earundem
1794 3154 1849 3211 ‘nl
1881 3156 1939 3198 25
2005 3155 2059 3202 34
2183 3154 2212 3197 0
2279 3157 2306 3198 7
2357 3156 2395 3198 B
2443 3156 2472 3198 4

600 3223 636 3269 θ
731 3225 1255 3270 Posthancinrec.1i.
1271 3225 1431 3269 trium
1445 3227 1755 3280 praecedens
1794 3225 1849 3282 ‘m
1881 3226 1940 3269 24
1981 3226 2034 3269 16
2184 3226 2211 3268 3
2248 3227 2306 3270 33
2357 3227 2395 3269 Β
2443 3227 2472 3270 4

734 3296 912 3340 Media
1795 3296 1850 3353 'm
1882 3297 1940 3340 24
1976 3297 2035 3340 48
2184 3296 2212 3340 6
2254 3297 2307 3341 10
2357 3298 2395 3340 Β
2443 3298 2473 3341 4

732 3367 983 3423 Superior
1001 3369 1053 3410 et
1073 3366 1391 3411 Orientalior
1795 3367 1850 3424 1η
1882 3368 1940 3411 25
1976 3368 2059 3415 414
2184 3368 2212 3411 9
2254 3368 2307 3411 19
2357 3369 2395 3411 Β
2443 3369 2472 3411 4

2365 3465 2421 3529 ,ο

2422 3481 2518 3517 ἓ
