2976 4264
197 1127 239 1161 10

166 1405 253 1448 637

194 1484 236 1519 15

189 2909 236 2943 35

189 3264 236 3299 40

664 326 1546 380 PROGYMNASMATUM
1572 327 1887 380 TERTIA
1914 328 2117 382 PARS
2417 331 2495 383 151

290 475 627 521 accuratam
646 469 988 522 industriam
1009 469 1061 521 &
1081 485 1341 535 operam.
1369 470 1491 535 Ego
1512 486 1653 522 vero
1680 478 1892 535 praeter
1917 471 2100 536 ipsam
2126 475 2390 524 materiae
2410 475 2495 524 in-

289 540 669 601 stabilitatem,
685 541 737 592 &
752 543 815 592 in
828 541 1217 602 ordinatione,
1233 541 1581 606 aequilibrio,
1595 543 2071 606 pinnacidiorum
2085 543 2494 608 applicatione,

289 614 547 675 partium
566 610 1046 674 subdistinctione,
1068 620 1127 664 vt
1147 619 1360 665 caetera
1379 620 1744 677 praeteream,
1770 613 2053 679 pleraque
2074 614 2494 675 defiderabam;

290 698 426 747 quae
446 682 802 748 Wolfgango
823 699 1025 736 coram
1045 683 1396 736 indicabam.
1419 684 1474 736 Is
1493 700 1636 736 vero
1655 684 1994 749 sumptuum
2013 688 2279 750 penuria,
2302 688 2495 751 operis

289 753 792 818 imperfectionem
810 770 1062 820 purgare
1081 755 1390 825 nitebatur.

361 825 577 877 Habeo
593 828 753 877 enim
768 826 820 878 &
836 841 943 891 ego
958 826 1310 879 eiuscemodi
1323 827 1754 888 Parallaticum‚
1769 833 1959 879 totum
1974 827 2289 880 Orichalco
2303 831 2495 880 muni-

287 902 430 956 tum,
453 898 613 961 quod
634 900 812 949 etiam
826 897 1144 949 Horizonti
1157 913 1481 963 permagno
1495 899 1566 950 20
1578 899 1798 963 pedum
1810 902 1874 950 in
1888 899 2196 951 Diametro
2211 899 2495 951 conuolu-

286 968 402 1020 bile
417 969 718 1029 incumbit,
734 968 786 1020 &
799 968 1018 1021 tabulae
1033 969 1265 1021 finuum
1280 985 1597 1021 numerum
1611 972 1942 1022 maximum
1954 973 2216 1035 quinque
2230 970 2494 1036 Cyphra-

287 1055 438 1100 rum,
465 1039 569 1091 sua
593 1039 783 1091 subtili
809 1039 1167 1093 distinctione
1194 1041 1491 1105 adaequat:
1519 1043 1674 1093 intra
1691 1057 1879 1093 vnum
1903 1048 2103 1093 tamen
2123 1041 2218 1093 vel
2244 1041 2495 1093 alterum

289 1110 611 1170 Minutum,
628 1111 828 1175 quoad
842 1111 1178 1163 altitudines
1192 1112 1511 1173 rimandaS,
1527 1112 1749 1164 etiamfi
1763 1119 1975 1165 caetera
1988 1115 2207 1174 omnia,
2227 1129 2363 1177 quae
2378 1113 2494 1165 illic

288 1181 704 1243 desiderabam,
727 1190 1079 1247 praecaueat,
1100 1185 1199 1234 vix
1219 1182 1358 1234 huic
1379 1183 1637 1244 confido;
1664 1184 1842 1248 idque
1864 1184 1938 1236 ob
1960 1185 2193 1245 caussaS,
2220 1184 2323 1236 suo
2344 1185 2493 1244 loc0‚

287 1268 423 1304 cum
450 1253 521 1304 de
549 1253 927 1305 Maechanica
946 1253 1338 1306 Astronomiae
1364 1260 1528 1319 parte
1557 1271 1629 1307 ex
1654 1255 1896 1319 professo
1924 1255 2183 1319 (fauente
2205 1255 2492 1319 Numine)

286 1322 471 1376 acturi
490 1324 706 1384 sumus,
727 1324 1179 1389 patefaciendas,
1203 1320 1223 1393 ΙΙ

359 1395 516 1448 Cum
542 1396 618 1447 ad
643 1395 890 1448 alteram
917 1396 1299 1460 quaestionem
1323 1396 1536 1458 tranfit,
1563 1403 1623 1448 vt
1650 1397 1920 1461 expediat
1946 1398 2088 1462 quid
2113 1413 2255 1449 nam
2277 1397 2340 1449 fit
2363 1397 2492 1450 haec

286 1466 480 1528 Stella,
512 1466 564 1518 81
594 1482 714 1531 quo
743 1467 876 1519 loco
906 1467 1226 1528 constituta,
1256 1467 1427 1519 facile
1457 1468 1698 1532 quidem
1724 1469 2021 1529 obtinebit,
2053 1485 2084 1520 e
2113 1469 2493 1520 Planetarum

284 1553 536 1590 numero
562 1554 688 1590 non
712 1538 891 1590 fuisse:
919 1553 1115 1603 neque
1142 1538 1408 1603 aliquam
1432 1554 1504 1590 ex
1528 1539 1685 1591 Fixis
1705 1540 1941 1591 Mundo
1963 1542 2199 1592 coaeuiS.
2227 1540 2307 1591 At
2333 1541 2493 1604 quod

285 1609 624 1661 Meteorum
637 1609 716 1670 fit,
735 1616 912 1674 atque
928 1610 1195 1671 Cometa,
1217 1625 1601 1675 nequaquam
1615 1611 2067 1675 approbandum
2080 1614 2255 1663 venit.
2278 1611 2491 1675 Neque

285 1683 445 1732 enim
475 1681 666 1742 cred0,
696 1681 866 1732 illum
895 1681 1167 1733 Meteora
1197 1681 1365 1734 Caelo
1394 1679 1717 1734 immiscere
1746 1682 2004 1743 voluisse;
2034 1689 2094 1734 vt
2122 1689 2181 1734 vt
2212 1682 2491 1734 Cometas

284 1752 642 1804 Meteoricos
661 1752 851 1814 faciat,
880 1755 998 1817 qui,
1025 1752 1128 1804 illo
1147 1752 1244 1804 vel
1262 1752 1321 1804 id
1341 1769 1466 1804 non
1486 1756 1784 1817 opinante,
1806 1757 2053 1805 omnino
2074 1753 2325 1806 caelestes
2345 1753 2490 1805 sunt.

356 1823 778 1876 Exhalationes
800 1824 1204 1885 elementareS,
1230 1824 1543 1876 AEthereas
1564 1840 1699 1876 oras
1719 1840 1844 1876 non
1866 1827 2101 1886 intrare,
2129 1840 2322 1889 neque
2342 1824 2492 1876 vllos

283 1894 412 1946 fieri
433 1894 573 1947 illuc
592 1909 885 1960 vaporum
907 1895 1172 1947 ascensus
1198 1902 1376 1960 atque
1403 1895 1721 1957 descensuS,
1748 1895 2016 1948 lubenter
2042 1899 2220 1948 etiam
2245 1895 2330 1947 illi
2356 1911 2490 1947 con-

284 1967 630 2018 cesserimus:
651 1969 934 2018 Attamen
955 1966 1191 2019 Caelum
1211 1967 1382 2019 orbes
1402 1966 1621 2019 habere
1641 1967 1870 2028 solidOS‚
1892 1982 2086 2032 neque
2105 1983 2178 2019 ex
2195 1967 2493 2032 Scriptura

283 2053 478 2102 neque
489 2053 631 2090 vera
642 2037 1019 2103 Philosophia
1028 2038 1313 2103 probabit.
1327 2039 1733 2103 Interpretatio
1744 2038 2113 2100 Graecorum,
2126 2040 2246 2103 qua
2258 2038 2493 2090 Caelum

283 2108 726 2161 firmamentum
740 2109 792 2160 &
807 2109 1105 2177 στερέωμα
1118 2116 1349 2170 vocant,
1364 2125 1577 2174 parum
1591 2109 1708 2162 huc
1721 2109 1873 2171 facit,
1895 2111 2023 2162 Imo
2038 2110 2359 2162 Haebraico
2373 2116 2491 2161 tex-

283 2182 369 2231 tui
382 2183 580 2232 minus
596 2180 861 2245 quadrat,
876 2180 974 2232 vbi
988 2180 1233 2234 Rachia
1246 2181 1511 2242 habetur,
1534 2181 1694 2246 quod
1710 2181 2049 2246 Expansum
2062 2183 2296 2246 proprie
2310 2181 2491 2241 sonat,

283 2267 391 2316 pro
412 2267 533 2316 quo
555 2251 809 2304 Castalio
829 2267 954 2303 non
972 2255 1169 2317 inepte
1189 2252 1510 2317 Liquidum
1528 2255 1719 2304 vertit:
1749 2252 1912 2316 Quin
1933 2252 1986 2304 &
2005 2252 2193 2304 multa
2219 2252 2338 2304 alia
2364 2252 2492 2303 sunt

284 2325 579 2375 contraria
597 2323 775 2375 sacrae
795 2323 1109 2388 Scripturae
1130 2323 1278 2385 loca,
1306 2339 1442 2388 quae
1464 2324 1701 2376 Caelum
1719 2324 2153 2388 liquidissimum
2176 2323 2228 2374 &
2246 2324 2491 2375 tenuissi-

283 2409 451 2445 mum
464 2395 606 2459 quid
621 2395 724 2446 esse
740 2397 1123 2455 conuincunt;
1139 2394 1211 2446 de
1226 2395 1440 2459 quibus
1454 2395 1602 2447 alias
1616 2395 1848 2447 dabitur
1862 2397 2249 2460 opportunior
2263 2395 2492 2446 dicendi

284 2465 524 2517 occafi0.

356 2535 449 2589 Sic
477 2536 726 2589 AEthera
755 2537 961 2601 ipsum,
993 2539 1386 2589 mutationem
1417 2537 1663 2598 nullam,
1697 2538 1983 2601 quamdiu
2017 2536 2230 2600 Opifici
2261 2535 2490 2587 summo

283 2607 443 2659 hunc
463 2610 526 2659 in
547 2608 758 2660 eodem
776 2608 922 2660 statu
943 2608 1290 2660 conseruare
1313 2608 1614 2673 placuerit,
1640 2608 1939 2672 suscipere,
1966 2607 2203 2659 testante
2231 2607 2290 2659 id
2315 2610 2492 2658 totius

268 2679 584 2735 .Mundani
605 2682 724 2730 aeui
744 2682 1122 2743 experientia,
1150 2694 1275 2730 non
1295 2678 1606 2731 difficulter
1631 2694 1739 2743 pro
1760 2679 2016 2731 concesso
2042 2678 2301 2730 habebit:
2329 2694 2492 2730 noua

283 2749 674 2801 nihilominus
686 2750 979 2814 quaedam,
995 2765 1433 2813 nonnunquam
1450 2749 1717 2801 asciscere
1735 2765 1999 2814 corpora,
2019 2750 2345 2813 eademque
2362 2765 2490 2800 mu-

282 2823 492 2873 tationi
517 2820 793 2881 obnoxia,
823 2836 948 2872 non
973 2823 1160 2885 magis
1186 2821 1323 2872 inde
1350 2820 1738 2885 consequitur,
1766 2836 1948 2885 quam
1974 2820 2186 2872 Terras
2212 2820 2264 2871 &
2292 2820 2492 2872 Maria

284 2898 568 2956 perpetuo
589 2892 819 2953 durare,
842 2891 894 2943 81
914 2892 989 2943 ob
1010 2891 1068 2943 id
1089 2907 1252 2943 noua
1272 2892 1550 2956 quaedam
1563 2891 1834 2952 monstra,
1858 2894 1970 2943 cito
1986 2894 2164 2943 etiam
2179 2893 2492 2943 euanitura

283 2965 646 3028 progignere,
668 2962 896 3015 admitti
916 2978 1040 3014 non
1059 2963 1226 3027 posse.

357 3033 635 3086 Consulte
649 3033 800 3094 facit,
817 3033 977 3098 quod
990 3036 1284 3085 nouitates
1298 3036 1361 3084 in
1371 3033 1613 3085 Artibus
1626 3034 1777 3086 bene
1793 3034 2108 3086 constitutis
2122 3033 2491 3085 introducere

284 3105 446 3157 nolit.
468 3106 547 3156 At
566 3107 729 3168 prius
749 3105 1124 3169 probandum
1144 3111 1283 3165 erat,
1306 3119 1406 3156 eas
1427 3104 1594 3169 ipsas,
1620 3105 1771 3157 bene
1792 3105 1844 3156 &
1866 3121 1939 3157 ex
1958 3105 2153 3156 solidis
2172 3107 2490 3169 principiJS‚

283 3179 365 3228 vti
385 3179 482 3237 ait,
504 3174 792 3228 extructas
812 3175 985 3227 fuisse.
1008 3175 1068 3227 Si
1089 3177 1249 3227 enim
1268 3174 1533 3241 Phyfices
1553 3176 1912 3228 Aristoteleae
1934 3179 2251 3236 axiomata,
2273 3191 2408 3239 quae
2429 3178 2491 3226 in

285 3246 495 3299 scholis
508 3247 724 3311 vbique
740 3245 1080 3298 authentica
1093 3246 1401 3307 habentur,
1421 3249 1563 3298 citra
1577 3262 1754 3298 omne
1769 3247 2015 3299 dubium
2029 3250 2135 3298 rite
2150 3246 2489 3306 constarent,

283 3321 482 3382 vtique
503 3317 654 3369 nihil
673 3317 875 3383 ijsdem
897 3320 1272 3377 contrarium,
1295 3317 1417 3382 ipsa
1435 3317 1842 3382 saepenumero
1863 3318 2170 3370 ostentaret
2191 3320 2490 3381 experien-

283 3393 380 3441 tia.
403 3389 665 3441 Decetne
681 3392 853 3454 igitur
866 3391 1211 3448 inueterata,
1233 3388 1364 3440 licet
1381 3388 1539 3449 falsa,
1561 3393 1755 3453 potius
1770 3389 2114 3454 approbare,
2138 3404 2318 3453 quam
2333 3404 2489 3447 vera,

2431 3466 2489 3509 vt
