2976 4264
246 1112 287 1146 10

242 1540 283 1574 1⁵

712 313 1592 372 PROGYMNASMATUM
1619 317 1933 373 TERTIA
1960 320 2163 375 PARS
2484 323 2541 376 41

968 458 1006 493 P.

338 516 518 568 Latus
768 517 876 570 BC
950 519 1019 571 23
1105 459 1193 573 gast
1266 520 1553 573 Distantia
1575 522 1856 574 Polorum
1877 539 1949 575 ex
1970 527 2220 590 proprijs
2242 524 2542 579 Obseruat.

338 587 518 639 Latus
765 588 876 640 BA
950 590 1020 642 28
1129 591 1162 643 7
1267 591 1787 657 Complementum
1799 594 2542 649 DeclinationisThaddaei.

336 658 609 723 Angulus
705 659 877 712 CBA
949 661 1020 713 90
1092 661 1162 714 27
1264 663 1536 715 Ascenfio
1556 664 1763 719 90az.

337 728 498 780 Hinc
517 729 698 782 Latus
767 730 883 783 CA
956 732 1026 784 36
1110 733 1198 786 10}

335 800 609 865 Angulus
706 802 879 854 BCA
953 803 1021 855 52
1094 804 1164 857 59
1183 803 1320 856 fere.

407 882 614 935 Incidit
632 886 831 949 itaque
851 887 1016 938 iuxta
1035 885 1190 939 hanc
1207 890 1682 940 numerationem
1697 889 2027 955 Longitudo
2042 890 2238 943 Stenae
2252 894 2315 944 in
2328 900 2472 957 part.
2490 894 2539 946 7.

338 950 373 1019 Ι.
402 954 422 1004 1
456 956 534 1015 8,
568 969 705 1007 cum
730 955 1063 1009 Latitudine
1090 957 1148 1009 P.
1176 958 1261 1010 53.
1291 956 1327 1024 Ι.
1354 959 1470 1012 49225.
1505 959 1683 1023 Quod
1710 967 1911 1013 autem
1937 962 2268 1027 Longitudo
2293 963 2542 1028 septenis

335 1024 618 1089 scrupulis
638 1042 676 1078 a
694 1029 912 1079 veriori
930 1027 1037 1080 fitu
1057 1028 1331 1090 abundet,
1353 1045 1477 1081 non
1490 1033 1632 1082 vitio
1645 1031 2012 1084 Ascenfionis
2027 1032 2234 1095 Rectae,
2256 1050 2391 1099 quae
2409 1035 2541 1087 satis

335 1095 486 1148 bene
511 1096 567 1148 se
593 1096 786 1158 habet,
814 1102 1110 1164 contingit.
1138 1099 1252 1152 Sed
1272 1101 1432 1165 quod
1452 1101 1787 1154 Declinatio
1815 1104 1974 1167 apud
1994 1103 2366 1157 Thaddaeum
2392 1106 2542 1158 senis

335 1165 618 1232 scrupulis
638 1168 913 1230 abundet,
934 1170 1089 1222 vnde
1107 1170 1160 1222 &
1177 1171 1450 1224 Latitudo
1471 1188 1709 1238 quoque
1729 1173 2006 1226 nonnihil
2025 1175 2169 1227 iusto
2189 1179 2382 1228 maior
2402 1193 2539 1229 eua-

336 1237 434 1290 dit.
455 1239 652 1303 Atque
672 1238 803 1292 haec
823 1240 895 1292 de
915 1243 986 1306 ijs
1007 1256 1143 1305 quae
1159 1242 1368 1307 Capite
1383 1243 1709 1296 Vndecimo
1730 1247 1884 1297 circa
1896 1246 2349 1311 Longitudinem
2365 1247 2417 1299 &
2432 1249 2539 1301 La-

334 1309 646 1361 titudinem
664 1309 844 1362 huius
865 1311 1060 1364 Stenae
1081 1313 1543 1366 constituendam
1563 1315 1764 1376 adfert,
1784 1316 1918 1368 satis
1936 1317 2277 1382 inquifitum
2296 1318 2375 1371 fit.

406 1451 690 1504 CAPITE
710 1452 1206 1508 DVODECIMO
1226 1455 1504 1520 sequenti,
1524 1456 1627 1508 sub
1647 1457 1887 1510 alterius
1901 1459 2359 1524 Diagrammatis
2373 1460 2537 1513 habi-

332 1522 552 1584 tudine,
580 1539 653 1575 ex
678 1523 881 1590 ijsdem
905 1525 1332 1591 praesuppofitis
1358 1527 1517 1578 idem
1543 1544 1781 1593 quoque
1806 1532 2050 1591 inuenit,
2080 1530 2176 1582 sed
2201 1531 2383 1595 paulo
2408 1548 2535 1596 per-

331 1593 594 1658 plexiore
619 1594 976 1649 inductione.
1005 1596 1166 1660 Quia
1190 1613 1332 1649 vero
1360 1597 1412 1649 &
1437 1598 1555 1650 illic
1581 1599 1776 1652 Stellae
1795 1600 2024 1653 Ascens.
2047 1600 2283 1654 Rectam
2311 1603 2535 1656 Coluro

331 1664 848 1730 AEquinocliorum
875 1671 1016 1729 vnit,
1051 1669 1211 1733 quod
1244 1685 1317 1720 ex
1347 1669 1479 1734 ipfis
1509 1670 1891 1732 DedomeniS‚
1924 1671 2187 1724 adhibito
2219 1674 2534 1738 praesertim

330 1739 560 1789 veriore
586 1737 718 1789 loco
745 1738 897 1791 Solis
923 1739 1182 1792 conflare
1208 1756 1333 1791 non
1358 1741 1524 1805 posse,
1554 1744 1677 1794 iam
1702 1749 1878 1794 antea
1903 1743 2423 1806 manifestauimuS,
2453 1746 2535 1797 id-

323 1810 485 1860 ·circo
504 1807 636 1861 haec
656 1809 879 1862 curiose
899 1810 1181 1875 replicare
1201 1827 1326 1863 non
1344 1812 1419 1863 est
1436 1827 1603 1877 opuS,
1625 1829 1762 1864 cum
1774 1829 1883 1865 nec
1896 1814 2014 1879 ipse
2028 1814 2367 1867 Thaddaeus
2381 1816 2536 1868 istius

212 1889 299 1932 527
332 1878 734 1932 Schematismi
754 1881 1025 1946 Angulos
1050 1888 1226 1947 atque
1253 1878 1514 1951 Late-{lra
1539 1886 1602 1935 in
1627 1899 1909 1936 numeros
1934 1885 2201 1946 resoluat,
2230 1894 2537 1939 contentus

237 2324 284 2358 25

239 3035 285 3070 35

331 1952 419 2016 ijs,
447 1966 583 2016 quae
604 1967 677 2003 ex
696 1955 878 2016 priori
896 1953 1078 2005 modo
1099 1954 1355 2015 deduxit,
1383 1970 1638 2019 quaeque
1658 1954 1756 2007 hic
1776 1955 2048 2017 fimiliter,
2069 1956 2110 2008 fi
2130 1960 2336 2010 omnia
2355 1962 2461 2010 rite
2481 1959 2536 2010 se

331 2020 632 2084 haberent,
653 2026 1030 2088 proueniunt.

403 2164 688 2217 CAPITE
718 2165 1347 2228 DECIMOTERTIO,
1379 2168 1621 2220 tandem
1651 2184 1724 2220 ex
1753 2169 2020 2222 distantia
2048 2170 2246 2222 Nouae
2277 2171 2471 2223 Stellae
2501 2187 2538 2224 a

330 2238 538 2288 vicinis
559 2236 896 2301 Cassiopeae,
923 2238 1350 2303 praesuppofitis
1376 2239 1594 2292 harum
1615 2240 1760 2292 locis
1781 2243 2040 2306 cognitiS‚
2061 2241 2312 2305 idipsum
2333 2257 2537 2294 eruere

333 2314 596 2369 conatur,
617 2307 806 2360 multo
820 2312 1020 2361 tutiori
1033 2310 1310 2375 indagine
1325 2326 1508 2375 quam
1522 2317 1719 2371 antea;
1741 2311 2044 2376 Siquidem
2057 2311 2365 2377 Temporis
2381 2320 2536 2365 tran-

331 2377 468 2430 situs
492 2394 597 2443 per
622 2379 1045 2442 Meridianum‚
1074 2380 1126 2432 &
1152 2381 1581 2434 Declinationis
1606 2382 1776 2434 nulla
1803 2382 1901 2434 hic
1929 2382 2218 2435 habeatur
2245 2387 2412 2445 rati0,
2441 2385 2535 2436 sed

331 2448 455 2501 sola
473 2450 740 2502 distantia
760 2467 798 2503 a
816 2451 1048 2503 duabus
1068 2452 1242 2514 Fixis,
1270 2468 1405 2517 quae
1426 2456 1656 2505 certiori
1677 2454 2023 2505 dimenfioni
2048 2454 2317 2516 subiacet,
2344 2459 2534 2520 requi-

332 2522 493 2572 ritur.
512 2521 581 2573 In
594 2521 708 2573 hoc
721 2522 925 2574 saltem
937 2523 1197 2575 versatur
1211 2523 1539 2585 difficultaS,
1555 2525 1715 2588 quod
1728 2524 1861 2576 loca
1873 2524 2210 2577 Affixarum
2224 2526 2538 2578 Stellarum

333 2607 458 2643 non
471 2599 648 2645 antea
661 2593 737 2645 ad
752 2593 910 2646 Coeli
922 2609 1199 2646 normam
1212 2594 1466 2647 restituta
1478 2595 1601 2656 lint,
1624 2595 1676 2646 &
1697 2595 1856 2660 quod
1871 2595 2152 2648 distantiae
2166 2612 2271 2661 per
2285 2597 2538 2649 Radium

332 2670 604 2728 acceptae,
634 2679 759 2715 non
786 2667 981 2717 omnis
1006 2667 1127 2730 vitij
1156 2665 1263 2717 fint
1289 2672 1569 2730 expertes,
1599 2666 1865 2718 Assumfit
1891 2670 2051 2718 enim
2076 2666 2173 2719 hic
2198 2667 2538 2720 Thaddaeus

331 2733 464 2786 loca
477 2734 830 2795 Affixarum,
852 2736 1359 2799 quemadmodum
1379 2752 1451 2788 ea
1469 2737 1794 2802 suppeditat
1808 2738 2223 2802 Copernianus
2239 2739 2536 2800 CalculuS‚

332 2807 435 2869 qui
461 2812 752 2870 quantum
772 2822 810 2858 a
829 2806 1004 2858 Coelo
1027 2810 1091 2858 in
1112 2807 1331 2872 iisdem,
1359 2808 1575 2872 quibus
1598 2810 1774 2860 vtitur
1793 2808 2001 2870 stellis,
2026 2809 2295 2862 videlicet
2315 2811 2538 2862 Lucida

333 2875 666 2938 Cathedrae‚
689 2876 742 2928 &
756 2892 828 2929 ea
842 2893 978 2941 quae
999 2877 1075 2930 est
1093 2881 1258 2930 iuxta
1278 2878 1594 2931 Flexuram
1607 2879 1878 2931 Numero
1892 2880 1942 2940 4,
1964 2878 2246 2941 deflectat,
2268 2897 2340 2932 ex
2361 2881 2535 2933 colla-

331 2949 492 2999 tione
512 2947 721 3000 nostrae
740 2947 1158 3000 verificationis
1179 2949 1388 3014 Capite
1410 2949 1635 3013 Quinto
1654 2950 1902 3015 prolatae
1921 2958 2094 3016 patet.
2121 2951 2311 3003 Vtitur
2337 2959 2536 3003 autem

333 3017 674 3071 Thaddaeus
695 3019 978 3070 confimili
1000 3019 1183 3072 ferme
1204 3020 1731 3073 Demonstrationis
1751 3020 2106 3083 inductione,
2134 3037 2254 3086 qua
2274 3022 2326 3073 &
2345 3038 2454 3074 nos
2475 3026 2537 3074 in

334 3089 618 3142 consimili
632 3093 894 3155 negoci0‚
911 3090 963 3142 &
977 3091 1431 3156 Longitudinem
1444 3091 1623 3144 huius
1638 3092 1833 3145 Stellae
1852 3092 1991 3144 hinc
2005 3093 2237 3145 deducit
2249 3095 2312 3144 in
2326 3100 2470 3157 part.
2486 3094 2534 3145 6.

336 3158 371 3226 Ι.
393 3161 463 3214 54
489 3163 568 3221 ξς.
593 3161 991 3214 Latitudinem
1010 3168 1210 3214 autem
1231 3161 1405 3214 efficit
1423 3170 1571 3228 part.
1592 3163 1677 3216 53.
1701 3161 1737 3229 Ι.
1758 3164 1844 3225 49,
1864 3164 1963 3216 vbi
1982 3164 2180 3228 quoad
2201 3164 2535 3229 Longitudi-

334 3247 474 3283 nem
499 3231 735 3297 praecise
756 3232 1009 3284 eandem
1028 3231 1220 3293 habet,
1248 3249 1431 3297 quam
1450 3249 1560 3286 nos
1579 3234 1791 3298 saepius
1812 3237 2033 3299 experti
2053 3234 2274 3294 sumus;
2301 3237 2364 3286 in
2383 3235 2534 3287 Lati·

334 3303 538 3355 tudine
559 3302 864 3355 abundant
882 3303 1253 3355 solummodo
1274 3311 1528 3368 quatuor
1547 3305 1832 3369 scrupula.
1855 3305 2077 3357 Verum
2102 3305 2231 3357 haec
2258 3309 2535 3357 conueni-

241 3389 289 3424 40
338 3376 497 3426 entia
515 3376 711 3438 potius
731 3375 1124 3427 accidentaria
1144 3382 1282 3435 erat,
1310 3391 1492 3440 quam
1512 3376 1671 3439 quod
1691 3376 1910 3440 probet,
1938 3378 2141 3427 omnia
2161 3378 2266 3427 rite
2287 3377 2390 3427 esse
2410 3392 2535 3441 per-

479 3457 502 3490 6
2389 3445 2533 3499 acta.
