2976 4264
127 1009 169 1044 10

89 1644 173 1688 621

114 1962 161 1997 25

109 2260 156 2295 30

110 2557 156 2592 35

110 2854 156 2889 40

110 3151 156 3185 45

601 323 1486 380 PROGYMNASMATUM
1511 325 1828 379 TERTIA
1855 326 2061 381 PARS
2349 330 2441 383 135

225 463 487 508 eodemne
507 477 577 507 an
597 464 804 509 diuerso
825 466 990 510 modo
1013 467 1080 510 ab
1102 478 1184 519 eo,
1211 479 1317 522 quo
1330 468 1384 511 in
1398 467 1707 512 elementari
1721 478 1818 511 ora
1832 467 2108 520 excitatur,
2130 470 2314 514 multae
2329 470 2444 513 sunt

224 523 416 567 caussae
437 535 533 567 cur
553 524 870 568 dubitemus.

295 583 429 626 Cum
455 595 581 639 ergo
608 595 717 628 non
742 584 927 639 possim
954 596 1052 640 ego
1080 585 1278 640 aliquid
1305 587 1635 638 constituere,
1666 589 2063 642 praeceptorum
2087 599 2336 632 meorum
2362 601 2443 633 ra-

221 642 392 686 tiones
413 643 455 685 &
475 643 803 696 sententiam,
824 655 913 687 me
933 645 1212 699 exquirere
1233 649 1457 701 oportet.
1481 646 1593 690 Oro
1613 646 1768 701 igitur
1787 650 2094 691 reuerenter
2107 648 2438 692 excellentiss.

224 701 668 746 Mathematicum
690 703 789 747 Dn.
813 704 884 747 M.
900 703 1277 760 Wolfgangum
1298 706 1629 757 Schulerum,
1657 708 1715 749 ut
1740 706 1806 750 de
1830 706 1911 749 his
1931 706 1972 748 81
1992 706 2097 750 hac
2119 707 2278 751 Stella
2297 708 2437 751 miri-

221 761 343 814 fica,
366 762 516 806 cuius
531 762 752 806 similem
766 764 909 806 nulla
923 767 1057 807 aetas
1070 764 1304 809 habuisse
1317 765 1519 821 legitur,
1534 777 1638 818 me,
1655 766 1696 807 81
1711 765 1978 809 auditores
1993 767 2206 810 doceat:
2229 768 2270 810 81
2293 769 2435 822 quod

220 820 327 876 ipse
347 822 388 864 81
409 822 619 878 Collega
646 823 712 866 de
736 822 840 866 hac
869 822 1212 876 obseruarint,
1241 836 1366 868 cum
1393 825 1658 880 diligentia
1682 825 1877 869 horum
1904 825 2114 879 publice
2140 830 2269 870 nota
2292 828 2366 879 sit,
2395 828 2436 870 ἃ

222 881 502 925 Machinas
529 881 691 925 etiam
716 882 1012 937 peculiares
1038 884 1108 926 ad
1133 884 1524 938 exquisitiorem
1545 884 1986 929 obseruationem
2012 886 2339 941 excogitatas
2366 887 2434 931 ab

218 940 338 995 ipsis
359 941 401 984 ἃ
421 941 724 985 elaboratas
752 942 1000 986 sciamus:
1030 943 1270 998 Itemque
1296 945 1362 987 de
1389 944 1616 987 aliorum
1637 944 2105 988 obseruationibus
2132 946 2364 998 eruditis,
2393 947 2433 989 81

218 999 413 1044 iudicio
440 1001 506 1044 de
532 1001 614 1044 his
641 1001 732 1045 suo
758 1001 1034 1045 nobiscum
1058 1005 1117 1045 ut
1143 1003 1518 1047 communicet.
1548 1004 1658 1047 Oro
1685 1003 1848 1047 etiam
1872 1003 2220 1048 dod'tissimum
2239 1005 2432 1058 uirum,

217 1062 275 1102 ut
294 1060 360 1103 de
381 1060 843 1115 significationibus
865 1061 1021 1105 huius
1041 1062 1233 1114 Stellae,
1262 1062 1469 1106 disserat
1495 1063 1713 1118 aliquid:
1741 1064 2035 1118 praesertim
2062 1076 2187 1108 cum
2214 1065 2433 1109 existant

218 1119 394 1173 aliqui,
417 1120 505 1174 qui
526 1119 700 1163 felicia
717 1123 964 1175 tempora
984 1122 1026 1164 ἃ
1047 1133 1271 1165 aureum
1292 1123 1526 1166 seculum
1547 1134 1614 1166 ex
1634 1123 1738 1167 hoc
1758 1123 2068 1178 praedicant,
2092 1128 2342 1179 augentes
2364 1125 2433 1168 se-

217 1179 499 1223 curitatem
528 1180 569 1222 81
598 1179 977 1234 profanitatem
1010 1184 1170 1235 atque
1200 1182 1509 1236 tyrannicas
1535 1182 1836 1226 molitiones
1860 1182 2087 1227 hostium
2112 1184 2428 1237 nostrorum,

216 1249 342 1281 cum
359 1239 532 1282 nullus
549 1251 788 1293 unquam
803 1240 1024 1283 Cometa
1039 1241 1210 1285 bonos
1225 1245 1446 1285 euentus
1460 1242 1774 1297 significarit.
1790 1242 1938 1286 Vnus
1953 1242 2156 1287 Seneca
2171 1243 2431 1288 assentans

216 1297 468 1353 discipulo
490 1299 580 1342 suo
603 1299 817 1351 Neroni,
846 1311 913 1342 ex
933 1300 1156 1343 Cometa
1174 1300 1310 1344 illius
1329 1301 1601 1356 temporis,
1624 1302 1826 1345 bonum
1846 1302 2091 1357 praedixit
2111 1303 2178 1346 ab
2200 1304 2431 1358 Impera-

213 1360 330 1401 tore
349 1369 431 1410 eo,
460 1358 549 1413 qui
567 1358 747 1412 postea
766 1358 906 1402 mori
923 1358 1055 1403 iussit
1074 1359 1216 1403 hunc
1239 1360 1544 1416 Magistrum
1566 1361 1738 1404 suum:
1768 1361 1937 1416 qualis
1966 1365 2187 1406 euentus
2207 1363 2431 1407 fortassis

213 1417 254 1459 ἃ
274 1417 392 1461 illos
410 1421 563 1461 uates
583 1421 780 1470 manet,
803 1418 892 1472 qui
913 1418 1249 1462 securitatem
1270 1423 1430 1474 atque
1450 1420 1830 1475 profanitatem
1849 1421 2130 1464 hominum
2151 1426 2358 1478 augent.

284 1477 453 1521 Restat
465 1480 524 1520 ut
535 1480 588 1521 te
603 1477 886 1521 audiamus
900 1479 1202 1533 Praeceptor
1216 1479 1563 1532 obseruande‚
1581 1480 1622 1522 ἃ
1637 1480 1870 1523 eruditas
1888 1484 2047 1536 atque
2060 1481 2176 1536 pias
2191 1482 2257 1525 de
2270 1483 2430 1525 rebus

211 1536 460 1580 maximis
472 1537 848 1592 disputationes
858 1540 978 1581 tuas
991 1550 1124 1593 quas
1136 1538 1459 1593 cupidissime
1469 1542 1642 1583 totum
1655 1540 1976 1584 auditorium
1989 1540 2248 1596 expectat.
2262 1542 2397 1585 Dixi.
2409 1540 2429 1601 ΙΙ

563 1635 996 1689 RESPONSIO
1025 1636 1112 1689 M.
1132 1636 1643 1690 WOLFGANGI
1670 1637 2077 1691 SCHVLERI.

282 1715 709 1770 Epaminondam
734 1716 989 1760 laudatiss.
1015 1716 1394 1761 Thebanorum
1420 1717 1630 1761 Ducem
1656 1718 1832 1762 dixisse
1861 1718 2052 1771 ferunt,
2084 1731 2150 1762 ex
2179 1720 2427 1764 omnibus

210 1787 333 1830 quae
357 1776 620 1830 praeclare
646 1777 688 1819 81
712 1776 927 1820 honeste
953 1776 1164 1832 gessisset
1187 1776 1241 1819 in
1266 1777 1392 1829 uita,
1419 1777 1547 1820 illud
1573 1777 1664 1821 fibi
1691 1778 1791 1821 esse
1811 1779 1964 1833 longe
1983 1778 2423 1831 iucundissimum,

211 1835 354 1889 quod
375 1838 602 1890 utroque
625 1839 845 1890 parente
867 1836 1010 1889 uiuo,
1035 1836 1374 1880 memorabili
1396 1848 1572 1892 pugna
1593 1837 1842 1881 Leutrica
1863 1837 2060 1882 uicisset
2083 1839 2428 1883 Lacedaemo—

208 1893 339 1938 nios.
369 1895 448 1938 Ita
467 1906 577 1939 non
597 1895 797 1948 dubito,
825 1894 1111 1940 dod’tissime
1133 1896 1392 1951 Magister,
1413 1896 1509 1940 tibi
1527 1896 1654 1939 nihil
1675 1897 1836 1951 prius,
1858 1897 1985 1940 nihil
2007 1898 2289 1952 optabilius
2309 1898 2425 1951 esse,

210 1965 374 2008 quam
388 1955 424 1997 11
439 1954 737 1998 Carissimus
751 1967 946 2010 parens
958 1958 1095 2008 tuus,
1116 1955 1199 1998 uir
1213 1955 1529 2000 Clarissimus
1541 1956 1861 2009 interfuisset,
1883 1957 1992 2001 imo
2007 1957 2289 2012 praefuisset
2302 1958 2425 2002 huic

208 2013 423 2068 publico
449 2014 759 2070 congressui:
787 2015 842 2057 in
868 2027 975 2069 quo
999 2018 1058 2058 tu
1084 2015 1126 2058 ἃ
1151 2015 1338 2070 reliqui
1359 2013 1716 2068 συμφοιτήται,
1742 2028 1882 2059 nunc
1905 2017 2194 2060 secundum
2214 2018 2426 2061 Scholae

207 2074 363 2128 leges,
386 2073 751 2118 Honestissimo
773 2074 1049 2130 Magisterij
1072 2075 1240 2129 gradu
1260 2075 1434 2119 ornati
1454 2075 1593 2120 estis:
1620 2087 1792 2130 neque
1812 2079 1941 2131 puto
1963 2089 2291 2131 quemquam
2310 2080 2423 2120 tam

207 2132 472 2188 ingratum
493 2133 591 2177 esse
612 2134 940 2189 discipulum,
964 2134 1053 2189 qui
1072 2146 1180 2178 non
1201 2135 1350 2179 simul
1370 2135 1476 2178 hoc
1495 2138 1676 2179 tecum
1697 2138 1926 2190 expetat.
1955 2137 2061 2191 Ego
2082 2139 2227 2180 certe
2246 2136 2299 2179 in
2320 2137 2423 2180 hac

209 2192 406 2236 solenni
423 2193 718 2246 festiuitate,
739 2194 794 2236 in
814 2206 919 2248 qua
938 2193 1153 2249 publica
1172 2194 1502 2238 renunciatio
1522 2193 1666 2238 facta
1680 2195 1766 2247 est,
1796 2195 2125 2239 Carissimum
2144 2199 2423 2250 parentem

204 2255 372 2305 tuum,
393 2255 655 2307 tanquam
672 2253 977 2297 scholastici
993 2256 1160 2297 caetus
1175 2249 1450 2306 ὀφθαλμὸν
1468 2251 1556 2297 καὶ
1578 2252 1769 2307 μάντην
1783 2251 2006 2308 ἀγαθῶν,
2027 2255 2226 2299 solicito
2248 2257 2425 2299 oculo-

205 2323 327 2354 rum
347 2311 692 2365 circumad’tu‚
714 2323 844 2356 uero
863 2313 1015 2357 uocis
1036 2313 1247 2368 gemitu,
1270 2314 1312 2356 81
1333 2314 1493 2357 anxio
1514 2315 1676 2358 corde
1697 2314 1908 2369 suspiro.

275 2371 478 2415 Verum
492 2373 582 2415 etsi
597 2373 820 2416 aduersa
833 2372 1137 2416 ualetudine
1150 2372 1450 2427 impeditus,
1466 2374 1699 2428 praesens
1715 2374 1885 2417 adesse
1899 2385 2006 2417 non
2017 2374 2205 2429 potest:
2220 2374 2422 2417 Tamen

204 2430 368 2474 etiam
394 2431 666 2475 absentem
691 2443 789 2486 pro
817 2432 1218 2476 conseruatione
1238 2433 1484 2476 Ecclefiae
1508 2433 1679 2484 huius,
1708 2433 2073 2477 celeberrimae
2092 2434 2419 2485 Academiae,

205 2490 246 2532 ἃ
265 2490 587 2543 Politiarum‚
608 2494 738 2535 uota
757 2491 1034 2535 nobiscum
1052 2493 1160 2534 una
1180 2492 1515 2547 coniungere,
1538 2495 1685 2536 certo
1707 2492 1914 2536 scimus.

278 2549 456 2602 Quare
480 2550 699 2594 uicissim
727 2554 841 2595 toto
868 2550 1098 2606 pectore,
1127 2551 1243 2594 Deo
1262 2551 1458 2606 gratias
1482 2551 1704 2606 agimus,
1733 2553 1892 2606 quod,
1919 2552 1973 2594 in
1997 2555 2148 2595 tanta
2168 2564 2421 2596 curarum

206 2610 247 2652 81
268 2610 684 2664 occupationum
704 2611 863 2662 mole,
887 2614 1046 2665 atque
1065 2610 1120 2653 in
1137 2613 1287 2653 tanta
1307 2610 1548 2665 corporis
1562 2611 1784 2665 publicis
1800 2611 2073 2655 laboribus
2087 2610 2315 2655 confecti
2327 2612 2422 2654 im-

205 2668 506 2721 becillitate,
527 2681 652 2713 eum
672 2668 928 2713 hactenus
947 2670 1209 2721 Ecclefiae,
1232 2670 1274 2712 ἃ
1292 2669 1416 2713 huic
1438 2670 1762 2723 Academiae,
1791 2671 2082 2714 clementer
2102 2671 2349 2714 seruauit:
2380 2672 2421 2714 81

204 2730 263 2770 ut
288 2728 481 2771 diutius
507 2740 632 2772 eum
661 2729 844 2781 seruet,
874 2729 1121 2772 ardenter
1146 2740 1448 2783 precamur.
1475 2729 1693 2772 Vtinam
1714 2742 1746 2772 a
1766 2730 1882 2773 Deo
1909 2730 2210 2774 concessum
2236 2730 2418 2781 fuisset,

205 2790 263 2830 ut
280 2787 376 2830 tibi
394 2788 520 2839 filio,
542 2788 609 2831 de
628 2800 686 2832 re
707 2788 870 2843 graui,
891 2789 933 2830 81
954 2788 1248 2831 admodum
1266 2788 1466 2831 difficili
1482 2788 1758 2832 sciscitanti
1771 2789 2108 2844 respondisset
2122 2789 2418 2833 Carissimus

205 2858 399 2901 parens
417 2850 561 2891 tuus:
590 2849 735 2902 quod
755 2847 904 2890 simili
924 2847 1243 2898 conditione,
1272 2847 1384 2903 alijs
1409 2847 1713 2902 contingere
1739 2848 1972 2891 memini.
2002 2849 2114 2903 Ipse
2140 2849 2420 2892 stulticiam

206 2906 247 2948 ἃ
267 2906 597 2961 impietatem
617 2907 924 2958 multorum,
948 2906 1037 2961 qui
1056 2917 1197 2949 nunc
1216 2909 1331 2950 tota
1344 2906 1574 2961 plaustra
1586 2919 1865 2962 nugarum,
1886 2907 1940 2950 in
1952 2909 2140 2963 uulgus
2156 2909 2417 2963 spargunt,

206 2965 312 3017 sua,
334 2978 441 3020 qua
454 2966 613 3018 ualet,
635 2966 934 3018 autoritate,
955 2965 1209 3009 refutare:
1233 2965 1344 3008 Nos
1357 2977 1504 3018 uero,
1528 2979 1634 3021 qua
1648 2967 1961 3010 dexteritate
1975 2967 2148 3023 iudicij
2165 2968 2419 3022 praeditus

205 3024 291 3077 est,
307 3023 449 3068 recste
463 3025 530 3068 de
543 3025 786 3080 praesenti
801 3025 1031 3077 Ostento,
1053 3025 1262 3068 erudire
1274 3025 1528 3079 potuisset.
1551 3027 1657 3081 Ego
1671 3037 1819 3078 uero,
1835 3027 1925 3070 etfi
1938 3038 2110 3081 neque
2125 3026 2417 3070 eruditione

204 3095 376 3139 neque
403 3084 661 3128 mediocri
688 3085 872 3128 saltem
899 3084 1107 3128 dicendi
1134 3084 1386 3127 facultate
1412 3096 1500 3128 me
1525 3084 1846 3138 instructum,
1875 3086 2101 3141 ideoque
2126 3086 2249 3130 huic
2272 3087 2420 3130 oneri

204 3143 468 3198 imparem
489 3143 604 3197 esse,
627 3147 770 3188 certe
789 3143 1041 3199 intelligo:
1062 3143 1263 3187 Tamen
1282 3155 1350 3187 ne
1368 3143 1579 3188 uiderer
1597 3146 1733 3188 uelle
1754 3145 2002 3200 defugere
2018 3157 2151 3189 onus
2171 3145 2418 3189 laborum

204 3203 557 3257 publicorum,
574 3204 615 3246 &
630 3203 797 3247 deesse
812 3203 987 3259 studiJs
1001 3203 1413 3255 adolescentum,
1428 3204 1823 3259 Praeceptorum
1837 3205 2094 3248 mandato
2107 3206 2148 3248 8ι
2159 3206 2420 3249 uoluntati

205 3262 338 3306 cessi.
368 3262 561 3314 Quare,
588 3266 647 3306 ut
671 3274 770 3306 uos
795 3274 884 3306 me
910 3263 976 3306 de
1001 3261 1246 3317 praesenti
1274 3262 1514 3307 Meteoro
1542 3263 1823 3316 dicentem,
1850 3264 2022 3307 uestra
2049 3264 2420 3308 beneuolentia

207 3321 501 3374 subleuetis,
529 3334 746 3376 aequum
775 3322 888 3366 erit.
917 3321 1036 3366 Hoc
1064 3333 1189 3365 cum
1216 3321 1423 3365 summa
1448 3322 1754 3366 humanitas
1773 3324 1946 3366 uestra
1966 3325 2106 3367 ultro
2126 3323 2416 3378 promittat,

206 3381 389 3424 omissa
408 3381 644 3436 longiore
665 3381 1018 3433 excusatione,
1040 3381 1150 3424 iam
1171 3381 1240 3424 ad
1260 3392 1375 3424 rem
1395 3381 1563 3436 ipsam
1584 3383 1801 3426 accedo.

2273 3469 2413 3521 Duo
