2976 4264
737 306 1620 359 PROGYMNASMATUM
1647 305 1961 358 TERTIA
1987 306 2191 358 PARS
2501 306 2569 357 43

361 448 645 501 adiunxit.
667 449 892 501 Verum
907 465 1014 515 ego
1028 465 1132 514 per
1145 450 1370 502 Literas
1383 449 1733 502 iamdudum
1748 464 1887 501 eum
1900 448 2204 510 admonui,
2222 455 2282 500 vt
2300 447 2402 501 ista
2421 464 2568 513 prae-

359 523 713 582 termitteret,
733 536 830 573 me
852 523 1012 573 enim
1031 521 1161 573 haec
1181 521 1590 586 recognoscere
1611 527 1787 585 atque
1807 520 2158 585 locupletius
2170 517 2416 572 tractare
2432 535 2567 572 con-

358 591 596 643 stituisse.
629 592 807 655 Quod
834 592 886 644 &
911 592 1077 657 spero
1102 592 1372 657 praesenti
1392 591 1568 644 Libro
1588 595 1670 644 ita
1690 590 1977 653 6116831111,
2003 598 2065 643 vt
2091 607 2226 656 quae
2246 594 2408 656 prius
2429 590 2567 643 defi-

359 662 732 725 derabantur,
753 667 876 716 iam
895 663 1028 716 satis
1047 664 1335 729 superque
1356 664 1747 728 redintegrata
1767 670 1944 727 atque
1965 663 2258 728 completa
2276 662 2398 714 fint.

285 751 308 786 5
428 734 718 787 Adiunxit
750 751 988 800 quoque
1020 735 1359 787 Thaddaeus
1398 734 1801 787 IOHANNIS
1840 733 2480 787 REGIOMONTANI
2513 733 2565 785 &

356 805 748 858 VOGELINI
768 807 840 859 de
861 807 1094 859 duobus
1114 809 1371 871 antiquis
1393 806 1656 859 Cometis
1677 809 2106 871 conceptioneS‚
2133 821 2269 870 quae
2290 821 2410 870 quo
2433 804 2564 857 loco

355 875 648 929 habendae
668 877 790 938 fint,
812 878 960 930 alias
981 878 1369 930 discutiemus,

426 948 506 1000 At
526 952 814 1013 quoniam
834 949 1079 1015 Fabricij
1103 949 1175 1002 de
1195 948 1308 1002 hac
1329 948 1508 1002 Stella
1526 948 1816 1014 scriptum,
1842 948 1946 1000 suo
1966 964 2108 1000 mox
2126 947 2431 1013 subiungit,
2453 963 2564 1000 nos

355 1018 407 1070 &
428 1022 490 1071 in
510 1019 624 1072 hoc
643 1020 1002 1085 inspiciendo
1024 1020 1532 1085 expendendoque
1552 1022 1892 1085 proximum
1911 1019 1997 1071 illi
2016 1019 2215 1072 locum
2235 1019 2522 1071 dabimus,

264 1202 306 1237 ιο
359 1169 461 1243 D.
493 1171 886 1245 PAVLVS
923 1171 1500 1245 FABRICIVS
1538 1170 2455 1245 MATHEMATICUS
2487 1171 2561 1244 &

970 1279 1404 1340 MEDICUS
1434 1278 1947 1340 CAESAREVS.

458 1375 826 1429 AGELLAS
864 1377 1148 1441 quasdam
1186 1393 1310 1429 non
1342 1377 1493 1429 adeo
1524 1376 1741 1429 multas
1773 1377 1845 1428 de
1877 1376 1990 1429 hac
2022 1376 2202 1430 Stella
2233 1376 2557 1441 conscripsit

459 1447 864 1500 eruditissimus
896 1448 994 1500 ille
1027 1449 1406 1513 inprimisque
1438 1448 1716 1513 praestans
1748 1448 1852 1500 Vir
1884 1448 1958 1500 D.
1991 1448 2273 1500 PAVLVS
2302 1448 2555 1499 FABRI-

351 1517 542 1580 CIVS,
573 1534 721 1583 quas
746 1518 1180 1572 Archiducibus
1204 1520 1455 1572 Austriae
1485 1519 1709 1580 obtulit,
1739 1519 1845 1571 nisi
1872 1519 2020 1571 forte
2045 1519 2218 1585 plura
2243 1519 2317 1571 ab
2345 1519 2556 1571 eodem

258 1606 300 1640 15
350 1588 421 1640 de
447 1589 561 1642 hac
587 1590 890 1643 elaborata
914 1591 1036 1652 fint,
1064 1607 1247 1656 quam
1266 1590 1606 1644 Thaddaeus
1630 1591 1869 1643 Dialexi
1893 1591 2013 1643 suae
2039 1590 2321 1656 apposuit,
2349 1606 2554 1655 quam-

349 1676 464 1724 que
485 1661 656 1713 nobis
676 1661 962 1715 hactenus
981 1663 1180 1715 videre
1201 1663 1379 1715 licuit.
1402 1658 1422 1731 ΙΙ

228 1741 316 1784 529
419 1732 487 1784 111
518 1735 589 1798 ijs
620 1749 763 1786 vero
796 1734 928 1799 ipfis
961 1737 1186 1800 exiguis
1219 1734 1435 1786 chartis
1467 1749 1554 1795 ea,
1595 1749 1731 1799 quae
1763 1734 1839 1786 ad
1871 1734 2152 1786 nucleum
2183 1736 2268 1785 rei
2299 1735 2554 1798 penitius

347 1804 678 1856 eruendum
695 1804 934 1867 faciunt,
956 1806 1283 1858 admodum
1301 1821 1476 1871 parce
1494 1808 1698 1871 attigit;
1720 1806 1848 1857 Nec
1861 1805 1916 1857 [6
1930 1805 2151 1870 suaque
2166 1807 2385 1856 eximia
2398 1804 2552 1856 Doc-

344 1877 499 1927 trina
523 1892 631 1940 pro
657 1880 743 1928 rei
767 1878 1173 1943 magnitudine
1200 1878 1439 1943 dignam
1465 1893 1710 1941 operam
1739 1877 2066 1938 collocauit‚
2097 1891 2292 1940 neque
2321 1876 2423 1928 fibi
2451 1875 2553 1941 ipfi

250 1962 297 1998 20
347 1945 516 2010 (forte
543 1947 617 2000 ob
645 1948 954 2001 aduersam
980 1965 1100 2014 qua
1127 1955 1267 2000 tunc
1293 1946 1737 2001 conflictabatur
1762 1947 2186 2011 valetudinem)
2215 1946 2550 2008 sufficiebat,

344 2018 567 2070 nedum
585 2025 646 2071 vt
665 2019 796 2085 aliJ's
810 2026 974 2072 tanto
988 2023 1234 2086 negocio
1248 2019 1565 2072 satisfecisse
1579 2019 1760 2072 fidem
1772 2019 1963 2071 faciat.
1985 2019 2098 2072 Sed
2113 2019 2550 2083 qualiacunque

343 2089 584 2142 tandem
603 2090 710 2143 fint
730 2094 856 2144 eius
875 2092 1122 2156 prolata,
1145 2108 1217 2144 ea
1235 2107 1396 2144 nunc
1415 2091 1897 2156 introspiciemuS.

415 2161 484 2213 In
508 2161 628 2213 fine
653 2161 921 2215 Octobris
940 2164 1106 2215 Anni
1131 2164 1276 2225 1572,
1304 2163 1546 2216 Stellam
1571 2162 1727 2215 hanc
1753 2163 1998 2215 Nouam
2024 2162 2223 2226 cepisse
2249 2164 2346 2222 ait,
2373 2161 2549 2226 idque

342 2235 529 2298 magis
557 2235 779 2286 incerto
810 2235 1071 2299 quodam
1100 2250 1340 2287 rumore
1368 2235 1539 2287 illum
1567 2234 1782 2286 referre
1814 2234 2078 2293 arbitror,
2113 2249 2296 2297 quam
2324 2233 2484 2297 quod
2513 2249 2550 2285 a

247 2319 294 2355 25
343 2319 649 2369 quoquam
668 2312 805 2357 ante
824 2307 1148 2370 primordia
1167 2306 1528 2358 Nouembris
1549 2303 1914 2371 conspedtam
1939 2305 2113 2366 fuisse‚
2141 2311 2298 2356 certo
2318 2304 2546 2356 constet.

413 2375 891 2441 Magnitudinem
913 2377 999 2429 illi
1024 2378 1283 2430 attribuit
1307 2378 1382 2430 ab
1408 2380 1576 2430 initio
1597 2378 1744 2443 Syrij
1769 2376 1950 2429 Stella
1975 2379 2280 2436 maiorem,
2309 2375 2546 2439 eiusque

342 2445 554 2499 coloris
580 2448 863 2501 aemulam
891 2449 1049 2510 facit;
1078 2449 1392 2514 posteaque
1418 2449 1707 2514 paulatim
1732 2451 2125 2507 imminutam,
2153 2446 2206 2498 81
2231 2462 2269 2499 a
2295 2446 2545 2499 candido

340 2520 403 2569 in
423 2518 854 2572 rutilantiorem
872 2520 1323 2573 transmutatum
1343 2523 1445 2581 ait;
1471 2523 1536 2571 in
1562 2520 1775 2585 quibus
1801 2519 1934 2571 satis
1960 2518 2277 2570 concordat
2303 2533 2439 2569 cum
2459 2520 2545 2583 ijs,

341 2604 477 2653 quae
496 2605 608 2642 nos
628 2591 887 2655 generali
906 2592 1264 2644 indicatione
1285 2592 1357 2643 de
1377 2591 1486 2653 his,
1507 2591 1705 2643 Tertio
1727 2590 1936 2655 Capite
1956 2589 2324 2655 protulimus,

243 2676 290 2711 30
411 2660 866 2726 Longitudinem
892 2665 1019 2715 eius
1046 2663 1332 2714 constituit
1357 2665 1420 2714 in
1445 2669 1590 2727 part.
1618 2662 1667 2714 6.
1694 2665 1836 2713 min.
1858 2662 1914 2713 14
1942 2664 2020 2722 bs,
2049 2676 2186 2713 cum
2211 2660 2545 2712 Latitudine

338 2738 483 2795 part.
505 2732 590 2784 54.
612 2736 754 2784 min.
770 2734 843 2794 12,
864 2734 963 2785 vbi
982 2737 1045 2785 in
1064 2734 1455 2799 Longitudine
1477 2749 1514 2785 a
1532 2749 1675 2785 vero
1697 2735 1823 2785 eius
1843 2733 1974 2784 loco
1995 2731 2188 2784 deficit
2207 2731 2350 2784 besse
2370 2734 2545 2783 vnius

337 2803 574 2867 gradus;
590 2803 924 2856 Latitudine
937 2820 1080 2856 vero
1095 2804 1357 2857 abundat
1370 2804 1490 2856 fere
1504 2804 1732 2856 semisse.
1755 2804 1933 2868 Quod
1947 2803 2084 2856 sane
2099 2819 2137 2855 a
2149 2805 2295 2855 tanti
2310 2801 2542 2854 Mathe-

337 2876 536 2925 matici
554 2875 834 2927 industria
846 2878 1024 2927 nimis
1038 2876 1282 2928 deuium
1297 2876 1387 2927 est.
1410 2876 1537 2927 Nec
1551 2878 1730 2928 etiam
1742 2875 1875 2927 satis
1889 2875 2122 2935 indicat,
2143 2874 2330 2925 multo
2344 2876 2542 2925 minus

336 2951 396 2996 vt
411 2945 774 3007 demonstret,
790 2948 1092 3011 quomodo
1106 2949 1168 2998 in
1184 2947 1496 2998 istiusmodi
1509 2947 1624 2998 loci
1635 2949 2031 3012 cognitionem
2043 2947 2392 3010 peruenerit.
2409 2944 2541 2996 Μ3-

241 3031 288 3067 35
336 3015 789 3069 thematicorum
811 3024 1011 3070 autem
1031 3018 1122 3078 est,
1143 3034 1268 3069 non
1286 3018 1487 3070 saltem
1508 3018 1716 3079 dicere,
1736 3018 1832 3070 sed
1853 3017 1905 3069 &
1925 3016 2334 3069 demonstrare.

407 3087 723 3140 Immotam
738 3104 976 3153 quoque
990 3089 1146 3141 fuisse
1160 3088 1316 3141 hanc
1330 3089 1588 3150 Stellam,
1604 3089 1657 3141 &
1671 3089 1901 3141 nullam
1914 3088 2188 3141 admifisse
2205 3087 2320 3139 loci
2333 3086 2539 3138 altera-

334 3160 559 3210 tionem
578 3157 730 3211 redte
750 3161 947 3212 asserit.
970 3161 1200 3212 Reuera
1220 3163 1380 3211 enim
1398 3167 1683 3225 perpetuo
1702 3163 1767 3212 in
1787 3160 1998 3212 eodem
2010 3159 2142 3211 loco
2157 3159 2302 3210 Fixa
2314 3157 2538 3209 mansit.

407 3229 640 3282 Deinde
660 3231 998 3283 Parallaxin
1018 3234 1145 3283 eius
1164 3231 1628 3296 inuestigaturus‚
1655 3234 1831 3283 nimis
1852 3233 1965 3283 cito
1987 3230 2264 3282 &latiore
2284 3228 2464 3280 modo
2484 3227 2539 3279 se

335 3301 588 3364 expedit:
610 3301 768 3353 Dicit
780 3308 981 3354 autem
994 3302 1178 3367 ipsam
1191 3308 1314 3354 tam
1326 3305 1390 3354 in
1404 3302 1745 3355 Meridiano
1761 3302 1935 3367 supra
1949 3301 2001 3352 &
2014 3301 2183 3361 infra,
2206 3314 2389 3364 quam
2403 3314 2538 3350 cum

239 3386 286 3421 40
334 3373 499 3423 iuxta
517 3372 703 3425 latera
722 3376 981 3425 maxime
1002 3372 1141 3425 hinc
1162 3373 1297 3425 inde
1318 3374 1751 3434 remouebatur‚
1777 3373 2002 3437 semper
2019 3371 2271 3424 eandem
2290 3386 2328 3422 a
2347 3369 2537 3492 Sgellis

476 3453 522 3489 ε·
2426 3455 2537 3491 1x1s
