2976 4264
487 326 566 375 118
988 319 1597 372 ASTRONOMIAE
1624 318 2189 372 INSTAURATAE

486 465 693 516 eadem
722 464 1107 527 proueniente
1137 461 1188 512 8(
1219 460 1721 525 digressiunculam
1749 461 1915 513 illam
1944 460 2302 521 absorbente,
2336 476 2456 525 quo
2487 463 2687 512 minus

485 534 1066 587 animaduerteretur.
1095 533 1174 583 At
1193 531 1234 582 fi
1255 531 1511 584 Cassellis
1541 531 1850 584 correctior
1873 532 2000 584 Poli
2025 531 2272 584 altitudo
2298 532 2539 596 reliquis
2560 532 2685 584 Cir-

486 604 922 669 cumpolaribus
951 602 1289 667 applicetur,
1316 603 1475 654 idem
1496 619 1735 668 quoque
1755 606 1818 655 in
1839 604 2021 655 Noua
2046 602 2158 655 hac
2184 602 2578 667 praestandum
2599 602 2686 654 fu-

483 678 612 736 isset,
633 674 766 727 vt&
787 677 913 725 eius
934 674 1271 725 altitudines
1292 673 1707 726 collimatiores
1731 676 2044 726 extitissent.
2074 674 2319 726 Certum
2340 674 2415 725 est
2433 674 2686 726 sublimi-

483 754 662 799 tatem
681 745 807 797 Poli
826 745 977 796 vltra
1002 748 1256 809 integros
1282 746 1496 809 gradus
1522 749 1765 810 propius
1792 746 1867 798 ad
1894 746 1967 798 18.
1989 746 2206 797 Minut.
2230 761 2412 809 quam
2431 746 2504 797 16.
2527 760 2685 796 acce-

483 819 635 870 dere.
664 817 825 868 Nam
846 816 898 867 8(
917 816 1112 880 postea
1140 832 1273 867 eam
1294 816 1365 868 19.
1388 819 1595 868 minut.
1617 817 1852 881 praecise
1880 819 2176 881 attingere,
2204 819 2506 868 renouatis
2534 815 2586 867 8(
2612 815 2687 868 ad

485 889 658 940 instar
689 903 962 939 meorum
990 903 1094 951 per
1118 886 1540 939 subdiuifiones
1568 888 1979 940 transuersales
2005 895 2182 952 atque
2209 888 2688 939 Pinnacidiorum

484 959 938 1024 applicationem
959 958 1259 1010 adornatis
1279 959 1688 1020 instrumentiS,
1716 959 2146 1024 deprehensum
2172 958 2262 1010 est.
2291 958 2501 1023 Sicque
2521 964 2689 1010 terna

482 1030 752 1095 scrupula
772 1032 834 1080 in
854 1032 1034 1094 priori
1054 1029 1180 1081 Poli
1199 1029 1564 1092 sublimitate,
1593 1046 1713 1095 qua
1732 1046 1842 1082 nos
1863 1030 2125 1082 consulto
2145 1029 2225 1081 vfi
2250 1029 2466 1090 sumuS,
2494 1029 2688 1082 defici-

483 1108 603 1153 unt.
620 1101 813 1153 Facile
829 1103 1007 1152 etiam
1021 1100 1151 1152 haec
1164 1104 1275 1152 tria
1289 1101 1544 1163 Minuta,
1562 1103 1774 1166 quibus
1789 1102 2046 1153 Illustriss.
2062 1102 2337 1165 Princeps
2351 1101 2688 1154 Parallaxin

484 1174 733 1237 assignat,
761 1175 912 1223 inter
938 1172 1373 1224 obseruandum
1394 1174 1660 1225 excidere
1680 1179 1966 1238 poterant,
1993 1175 2075 1225 ita
2094 1179 2154 1224 vt
2173 1175 2236 1224 in
2256 1172 2562 1224 altitudine
2581 1177 2687 1225 mi-

484 1247 663 1304 nima,
684 1259 869 1295 vnum
886 1243 980 1294 vel
1000 1243 1251 1295 alterum
1272 1243 1706 1305 desideraretur,
1728 1251 1830 1296 aut
1851 1247 2029 1296 etiam
2048 1246 2111 1295 in
2130 1246 2410 1304 maxima,
2432 1259 2568 1307 quae
2589 1244 2688 1296 ob-

485 1316 717 1367 seruatu
746 1314 1037 1366 difficilior
1066 1322 1205 1376 erat,
1236 1315 1460 1380 aliquid
1489 1316 1800 1368 minutulae
1830 1315 2185 1367 deuiationis
2214 1317 2687 1368 committeretur.

487 1387 647 1438 Nam
669 1386 720 1437 8(
741 1386 1058 1449 Quadrans
1084 1386 1199 1448 ille,
1227 1403 1347 1451 quo
1369 1387 1768 1439 Illustrissimus
1792 1388 2067 1451 Princeps
2091 1394 2231 1438 tunc
2255 1386 2539 1447 Vtebatur,
2566 1403 2690 1439 non

486 1458 810 1510 admodum
829 1473 1080 1522 magnus
1101 1464 1239 1518 erat,
1261 1461 1478 1522 vixque
1498 1458 1722 1524 lingula
1740 1462 1972 1510 minuta
1991 1457 2444 1523 dispertiebatur,
2465 1465 2525 1510 vt
2545 1459 2690 1523 Ipse-

485 1535 605 1580 met
634 1528 888 1592 praesens
920 1532 1189 1594 cognoui,
1219 1529 1317 1582 vbi
1348 1533 1603 1581 triennio
1635 1530 1757 1595 post
1788 1530 2044 1582 Cassellis
2073 1529 2330 1581 Illustriss.
2361 1529 2692 1595 Principem

486 1603 636 1652 inter
660 1600 1157 1665 peregrinandum
1183 1603 1595 1653 conuenissem:
1625 1617 1697 1653 ex
1724 1617 1843 1666 quo
1871 1604 2047 1653 etiam
2068 1616 2172 1666 per
2191 1600 2488 1653 foramina
2507 1601 2690 1667 Diop-

486 1674 630 1723 trica
655 1671 862 1723 Stellas
890 1672 1206 1724 collineare
1232 1679 1372 1724 tunc
1397 1675 1461 1724 in
1489 1688 1654 1724 more
1684 1672 1960 1734 habebat;
1990 1673 2188 1737 Atque
2217 1671 2331 1724 hoc
2359 1672 2557 1734 mod0,
2587 1672 2693 1724 nisi

486 1742 755 1795 foramen
775 1746 1084 1795 anterioris
1105 1744 1389 1808 Dioptrae‚
1417 1744 1577 1808 quod
1602 1744 1735 1808 plus
1758 1745 1832 1796 ab
1854 1743 2028 1796 oculo
2056 1743 2377 1809 elongatur,
2404 1743 2690 1796 maiuscu-

486 1814 612 1866 lum
637 1814 825 1875 fuerit,
854 1814 1096 1867 Stellam
1122 1815 1386 1880 aliquam
1411 1815 1841 1868 obseruandam
1861 1815 2183 1868 discernere
2203 1818 2303 1866 vix
2327 1814 2521 1867 liceat:
2549 1815 2692 1867 dum

485 1901 627 1937 vero
642 1885 755 1937 hoc
769 1885 961 1946 habet,
977 1886 1202 1950 aliquot
1215 1889 1446 1939 minuta
1456 1903 1564 1951 pro
1577 1887 1937 1950 Quadrantis
1950 1889 2330 1952 proportione
2344 1886 2448 1938 sua
2462 1889 2690 1951 quanti-

486 1963 601 2008 tate
623 1957 917 2021 adimplet.
940 1958 1198 2022 Ideoque
1214 1958 1356 2010 dum
1369 1961 1520 2010 inter
1534 1958 1969 2010 obseruandum
1982 1961 2299 2024 ignoratur,
2322 1973 2401 2009 an
2415 1960 2478 2009 in
2492 1964 2690 2010 centro

486 2031 817 2079 remotioris
828 2028 1135 2080 foraminis
1148 2029 1533 2094 conspiciatur
1544 2029 1723 2082 Stella
1733 2046 1842 2082 nec
1853 2046 1945 2091 ne,
1960 2029 2129 2082 facile
2142 2029 2398 2081 duorum
2407 2029 2503 2081 vel
2512 2032 2691 2081 trium

486 2099 893 2164 scrupulorum
913 2100 1172 2152 deuiatio
1187 2103 1579 2153 committitur.
1602 2101 1860 2165 Ideoque
1874 2101 1991 2166 ipse
2007 2100 2264 2152 IHustriss.
2279 2101 2554 2165 Princeps
2568 2116 2692 2152 non

489 2171 829 2236 Categorice
857 2171 1154 2223 affirmare
1180 2172 1382 2233 voluit,
1414 2172 1656 2225 Stellam
1682 2172 1837 2224 hanc
1862 2172 2096 2237 prorsus
2122 2178 2290 2224 terna
2314 2171 2417 2224 illa
2443 2174 2690 2232 minuta,

488 2242 814 2294 diuersitate
835 2242 920 2294 sui
941 2242 1201 2307 aspectus
1222 2244 1564 2308 adaequasse‚
1591 2243 1687 2296 sed
1708 2243 2103 2309 Hypothetice
2125 2243 2183 2296 id
2202 2243 2405 2295 saltem
2430 2259 2691 2308 pronun-

487 2315 616 2374 ciat,
645 2314 866 2365 addens
893 2313 1023 2366 haec
1048 2315 1250 2366 verba:
1280 2314 1354 2367 Si
1380 2316 1564 2367 modo
1591 2317 1765 2367 tanta
1791 2312 1887 2380 eft.
1916 2314 2152 2380 Colligit
2177 2321 2378 2367 autem
2403 2330 2507 2379 per
2534 2314 2691 2367 Geo-

486 2387 756 2436 metricas
789 2385 1308 2438 demonstrationes
1342 2403 1414 2438 ex
1446 2386 1538 2438 his
1570 2387 1753 2438 tribus
1785 2386 2068 2450 scrupulis
2099 2385 2493 2447 ParallaerS,
2533 2385 2693 2450 quod

489 2456 739 2508 Cometa
765 2456 1019 2508 distiterit
1045 2473 1082 2509 a
1106 2456 1290 2510 Terra
1315 2458 1758 2510 semidiametris
1785 2458 1928 2509 1062.
1956 2457 2093 2509 fere.
2125 2457 2384 2521 Ideoque
2410 2459 2474 2508 in
2498 2456 2690 2522 supre-

487 2543 650 2579 mam
669 2533 897 2591 partem
917 2527 1180 2593 Sphaerae
1218 2533 1253 2588 9
1289 2545 1430 2580 mox
1450 2529 1605 2580 infra
1625 2529 1892 2581 Solarem
1914 2545 2048 2581 eam
2067 2531 2314 2593 reponit.
2340 2527 2518 2591 Quod
2539 2527 2592 2579 8(
2610 2530 2692 2580 ita

487 2598 542 2650 se
572 2598 828 2660 haberet,
859 2598 900 2650 fi
928 2600 1247 2663 parallaxis
1276 2603 1454 2652 trium
1482 2600 1718 2664 praecise
1747 2603 2116 2652 minutorum
2143 2599 2368 2651 infimae
2398 2599 2692 2651 altitudini

487 2670 856 2722 solummodo
887 2671 1257 2724 attribuenda
1285 2671 1449 2734 foret,
1481 2671 1533 2723 8(
1562 2675 1625 2723 in
1650 2672 1937 2737 suprema,
1968 2671 2136 2723 nulla
2159 2671 2393 2736 prorsus
2420 2671 2689 2722 extitisset.

487 2742 568 2793 At
597 2757 733 2793 cum
763 2741 941 2794 Stella
970 2743 1072 2796 101.
1103 2743 1260 2808 grad.
1291 2743 1709 2795 remouebatur
1738 2759 1774 2795 a
1802 2746 2032 2804 vertice,
2067 2743 2309 2807 quando
2338 2745 2401 2793 in
2429 2744 2694 2794 maxima

489 2812 748 2865 existeret
774 2814 1096 2875 altitudine,
1126 2814 1177 2865 8(
1203 2814 1322 2866 illic
1348 2814 1671 2879 aliqualem
1696 2814 1922 2866 admifit
1947 2814 2355 2874 diuerfitatem,
2382 2816 2464 2865 ita
2482 2819 2542 2864 vt
2567 2828 2692 2864 non

487 2891 608 2936 tota
624 2887 686 2936 in
704 2885 1085 2937 decliuiorem
1099 2885 1266 2937 litum
1281 2886 1652 2938 redundaret.
1675 2885 2089 2951 Disgregandae
2103 2888 2276 2950 igitur
2289 2885 2482 2937 ambae
2497 2883 2691 2936 Paral-

487 2955 650 3007 laxes
670 2955 906 3017 fuissent‚
930 2973 1064 3020 quae
1086 2956 1445 3010 coniunctim
1465 2958 1514 3009 3.
1534 2958 1750 3010 Minut.
1773 2957 2003 3009 efficere
2023 2957 2397 3021 putabantur,
2420 2955 2472 3007 8(
2491 2954 2690 3007 viden-

489 3027 631 3078 dum
664 3033 954 3091 quantum
991 3027 1129 3079 hinc
1167 3028 1449 3093 superiori
1487 3035 1663 3093 atque
1701 3028 1964 3080 inferiori
1996 3027 2289 3080 altitudini
2321 3032 2690 3091 competeret.

488 3098 805 3162 Posteaque
826 3102 1074 3150 remotio
1095 3099 1290 3151 Stellae
1311 3116 1348 3152 a
1367 3106 1521 3152 terra
1540 3100 1679 3152 hinc
1699 3099 2109 3151 ratiocinanda
2133 3098 2328 3150 fuisset.
2355 3098 2552 3162 Atque
2578 3096 2692 3149 hac

2741 1117 2784 1152 10

2744 1474 2785 1508 15

2741 1830 2787 1865 20

2741 2187 2787 2221 25

2740 2899 2786 2934 35

488 3169 624 3221 sane
646 3170 787 3234 lege,
808 3186 932 3222 non
951 3170 1154 3222 saltem
1173 3171 1441 3223 Veneris:
1462 3171 1558 3223 sed
1580 3171 1632 3222 8(
1651 3178 1773 3223 1013
1793 3170 1945 3223 Solis
1966 3170 2213 3235 Sphaera
2233 3165 2253 3238 ΙΙ
2273 3169 2574 3221 sublimior
2594 3168 2689 3220 de·
2722 3175 2810 3219 604

488 3240 898 3305 prehendetur,
925 3242 1102 3306 idque
1128 3241 1403 3294 facillime
1431 3259 1503 3294 ex
1529 3242 1731 3295 tabula
1750 3242 1943 3294 nostra
1961 3241 2358 3306 parallaxium
2377 3239 2689 3301 Solarium,

490 3328 672 3376 quam
686 3328 810 3377 cap.
827 3314 846 3364 1
861 3313 1109 3365 fideliter
1123 3314 1473 3366 calculatam
1487 3314 1882 3378 apposuimus
1905 3313 2029 3364 Illic
2050 3315 2210 3364 enim
2228 3311 2331 3364 sub
2345 3311 2514 3363 titulo
2527 3325 2690 3362 max-

489 3386 626 3435 imae
655 3387 999 3436 remotionis
1028 3384 1179 3437 Solis
1209 3402 1246 3438 a
1272 3385 1472 3446 Terra,
1503 3385 1795 3437 altitudini
1825 3384 2128 3436 decliuiori
2153 3384 2239 3435 23.
2267 3383 2325 3435 Ρ.
2353 3388 2692 3446 competunt

2740 3253 2787 3289 40

2972 1136 2976 1142 ,,
2968 1020 2976 1123 -,...,-.
2969 869 2976 1012 —..—..=...„
2968 826 2976 843 Α
2971 784 2976 813 -
2972 721 2976 766 2...
2973 684 2976 685 ,
2974 667 2976 671 r
2974 637 2976 641 .
