<?xml version="1.0" encoding="UTF-8"?>
<!DOCTYPE html PUBLIC "-//W3C//DTD XHTML 1.0 Transitional//EN"
    "http://www.w3.org/TR/xhtml1/DTD/xhtml1-transitional.dtd">
<html xmlns="http://www.w3.org/1999/xhtml" xml:lang="en" lang="en">
 <head>
  <title>
</title>
<meta http-equiv="Content-Type" content="text/html;charset=utf-8" />
  <meta name='ocr-system' content='tesseract 3.04.00' />
  <meta name='ocr-capabilities' content='ocr_page ocr_carea ocr_par ocr_line ocrx_word'/>
</head>
<body>
  <div class='ocr_page' id='page_1' title='image "./operaomniaedidit03brahuoft/operaomniaedidit03brahuoft_0190.png"; bbox 0 0 2976 4264; ppageno 0'>
   <div class='ocr_carea' id='block_1_1' title="bbox 504 318 2208 377">
    <p class='ocr_par' dir='ltr' id='par_1_1' title="bbox 504 318 2208 377">
     <span class='ocr_line' id='line_1_1' title="bbox 504 318 2208 377; baseline -0.005 0"><span class='ocrx_word' id='word_1_1' title='bbox 504 325 596 377; x_wconf 92' lang='lat'><strong>178</strong></span> <span class='ocrx_word' id='word_1_2' title='bbox 1005 319 1615 374; x_wconf 90' lang='lat' dir='ltr'>ASTRONOMIAE</span> <span class='ocrx_word' id='word_1_3' title='bbox 1641 318 2208 371; x_wconf 89' lang='lat' dir='ltr'>INSTAURATAE</span> 
     </span>
    </p>
   </div>
   <div class='ocr_carea' id='block_1_2' title="bbox 499 458 2777 990">
    <p class='ocr_par' dir='ltr' id='par_1_2' title="bbox 502 458 2704 636">
     <span class='ocr_line' id='line_1_2' title="bbox 502 458 2704 517; baseline -0.002 -12"><span class='ocrx_word' id='word_1_4' title='bbox 502 462 776 517; x_wconf 90' lang='lat' dir='ltr'><strong>aequaliter</strong></span> <span class='ocrx_word' id='word_1_5' title='bbox 801 460 1032 504; x_wconf 84' lang='lat' dir='ltr'><strong>distiterit</strong></span> <span class='ocrx_word' id='word_1_6' title='bbox 1059 473 1090 502; x_wconf 91' lang='lat' dir='ltr'><strong>a</strong></span> <span class='ocrx_word' id='word_1_7' title='bbox 1118 460 1428 511; x_wconf 90' lang='lat' dir='ltr'><strong>Meridiano,</strong></span> <span class='ocrx_word' id='word_1_8' title='bbox 1461 470 1525 502; x_wconf 91' lang='lat' dir='ltr'><strong>ac</strong></span> <span class='ocrx_word' id='word_1_9' title='bbox 1556 470 1741 502; x_wconf 91' lang='lat' dir='ltr'><strong>earum</strong></span> <span class='ocrx_word' id='word_1_10' title='bbox 1772 458 2107 501; x_wconf 86' lang='lat' dir='ltr'><strong>altitudinum</strong></span> <span class='ocrx_word' id='word_1_11' title='bbox 2137 459 2305 501; x_wconf 90' lang='lat' dir='ltr'><strong>altera</strong></span> <span class='ocrx_word' id='word_1_12' title='bbox 2333 458 2489 502; x_wconf 88' lang='lat' dir='ltr'><strong>fuerit</strong></span> <span class='ocrx_word' id='word_1_13' title='bbox 2516 459 2704 510; x_wconf 92' lang='lat' dir='ltr'><strong>maior,</strong></span> 
     </span>
     <span class='ocr_line' id='line_1_3' title="bbox 503 517 2704 572; baseline -0.001 -8"><span class='ocrx_word' id='word_1_14' title='bbox 503 524 668 565; x_wconf 89' lang='lat' dir='ltr'><strong>altera</strong></span> <span class='ocrx_word' id='word_1_15' title='bbox 689 520 882 563; x_wconf 91' lang='lat' dir='ltr'><strong>minor:</strong></span> <span class='ocrx_word' id='word_1_16' title='bbox 906 520 1031 562; x_wconf 90' lang='lat' dir='ltr'><strong>data</strong></span> <span class='ocrx_word' id='word_1_17' title='bbox 1052 519 1214 562; x_wconf 90' lang='lat' dir='ltr'><strong>etiam</strong></span> <span class='ocrx_word' id='word_1_18' title='bbox 1234 519 1530 562; x_wconf 91' lang='lat' dir='ltr'><strong>eleuatione</strong></span> <span class='ocrx_word' id='word_1_19' title='bbox 1543 517 1651 561; x_wconf 92' lang='lat' dir='ltr'><strong>Poli</strong></span> <span class='ocrx_word' id='word_1_20' title='bbox 1664 518 1865 571; x_wconf 84' lang='lat' dir='ltr'>absque</span> <span class='ocrx_word' id='word_1_21' title='bbox 1878 518 1986 560; x_wconf 88' lang='lat' dir='ltr'><strong>ulla</strong></span> <span class='ocrx_word' id='word_1_22' title='bbox 2003 517 2255 572; x_wconf 86' lang='lat' dir='ltr'><strong>temporis</strong></span> <span class='ocrx_word' id='word_1_23' title='bbox 2272 518 2704 570; x_wconf 73' lang='lat' dir='ltr'><strong>consideratione,</strong></span> 
     </span>
     <span class='ocr_line' id='line_1_4' title="bbox 502 577 1481 636; baseline -0.004 -12"><span class='ocrx_word' id='word_1_24' title='bbox 502 582 840 636; x_wconf 89' lang='lat' dir='ltr'><strong>aggregatum</strong></span> <span class='ocrx_word' id='word_1_25' title='bbox 859 579 1211 621; x_wconf 86' lang='lat' dir='ltr'><strong>Parallaxium</strong></span> <span class='ocrx_word' id='word_1_26' title='bbox 1230 577 1481 621; x_wconf 91' lang='lat' dir='ltr'><strong>inuenire.</strong></span> 
     </span>
    </p>

    <p class='ocr_par' dir='ltr' id='par_1_3' title="bbox 500 634 2777 810">
     <span class='ocr_line' id='line_1_5' title="bbox 572 634 2704 692; baseline -0.001 -11"><span class='ocrx_word' id='word_1_27' title='bbox 572 639 646 681; x_wconf 90' lang='lat' dir='ltr'><strong>Sit</strong></span> <span class='ocrx_word' id='word_1_28' title='bbox 665 637 932 681; x_wconf 85' lang='lat' dir='ltr'><strong>maximus</strong></span> <span class='ocrx_word' id='word_1_29' title='bbox 947 638 1183 680; x_wconf 88' lang='lat' dir='ltr'><strong>Circulus</strong></span> <span class='ocrx_word' id='word_1_30' title='bbox 1203 649 1298 692; x_wconf 93' lang='lat' dir='ltr'><strong>per</strong></span> <span class='ocrx_word' id='word_1_31' title='bbox 1316 635 1511 691; x_wconf 77' lang='lat' dir='ltr'><strong>puncsta</strong></span> <span class='ocrx_word' id='word_1_32' title='bbox 1532 639 1678 679; x_wconf 89' lang='lat' dir='ltr'><strong>ortus</strong></span> <span class='ocrx_word' id='word_1_33' title='bbox 1694 636 1734 678; x_wconf 77' lang='lat'><strong>81</strong></span> <span class='ocrx_word' id='word_1_34' title='bbox 1750 636 1970 680; x_wconf 86' lang='lat' dir='ltr'>occasus</span> <span class='ocrx_word' id='word_1_35' title='bbox 1991 647 2054 679; x_wconf 92' lang='lat' dir='ltr'><strong>ac</strong></span> <span class='ocrx_word' id='word_1_36' title='bbox 2075 636 2332 679; x_wconf 91' lang='lat' dir='ltr'><strong>uerticem</strong></span> <span class='ocrx_word' id='word_1_37' title='bbox 2352 634 2539 679; x_wconf 76' lang='lat' dir='ltr'><strong>ducstus</strong></span> <span class='ocrx_word' id='word_1_38' title='bbox 2554 636 2704 679; x_wconf 90' lang='lat' dir='ltr'><strong>BAD.</strong></span> 
     </span>
     <span class='ocr_line' id='line_1_6' title="bbox 500 695 2777 752; baseline -0 -12"><span class='ocrx_word' id='word_1_39' title='bbox 500 700 560 741; x_wconf 86' lang='lat' dir='ltr'><strong>In</strong></span> <span class='ocrx_word' id='word_1_40' title='bbox 574 709 679 752; x_wconf 92' lang='lat' dir='ltr'><strong>quo</strong></span> <span class='ocrx_word' id='word_1_41' title='bbox 693 698 738 739; x_wconf 90' lang='lat' dir='ltr'><strong>A</strong></span> <span class='ocrx_word' id='word_1_42' title='bbox 752 700 952 740; x_wconf 89' lang='lat' dir='ltr'><strong>uertex.</strong></span> <span class='ocrx_word' id='word_1_43' title='bbox 976 698 1014 739; x_wconf 92' lang='lat' dir='ltr'>B</span> <span class='ocrx_word' id='word_1_44' title='bbox 1029 700 1190 740; x_wconf 85' lang='lat' dir='ltr'><strong>ortus.</strong></span> <span class='ocrx_word' id='word_1_45' title='bbox 1215 697 1261 738; x_wconf 94' lang='lat' dir='ltr'>D</span> <span class='ocrx_word' id='word_1_46' title='bbox 1278 696 1512 739; x_wconf 84' lang='lat' dir='ltr'>occasus.</span> <span class='ocrx_word' id='word_1_47' title='bbox 1536 696 1675 738; x_wconf 92' lang='lat' dir='ltr'><strong>BCD</strong></span> <span class='ocrx_word' id='word_1_48' title='bbox 1693 695 1945 739; x_wconf 89' lang='lat' dir='ltr'><strong>Horizon.</strong></span> <span class='ocrx_word' id='word_1_49' title='bbox 1962 695 2112 738; x_wconf 91' lang='lat' dir='ltr'><strong>AHC</strong></span> <span class='ocrx_word' id='word_1_50' title='bbox 2128 695 2468 746; x_wconf 88' lang='lat' dir='ltr'><strong>Meridianus,</strong></span> <span class='ocrx_word' id='word_1_51' title='bbox 2489 695 2538 737; x_wconf 95' lang='lat' dir='ltr'>H</span> <span class='ocrx_word' id='word_1_52' title='bbox 2555 696 2707 738; x_wconf 88' lang='lat' dir='ltr'>Polus</span> <span class='ocrx_word' id='word_1_53' title='bbox 2756 706 2777 739; x_wconf 87' lang='grc'>5</span> 
     </span>
     <span class='ocr_line' id='line_1_7' title="bbox 501 754 2705 810; baseline -0.001 -11"><span class='ocrx_word' id='word_1_54' title='bbox 501 756 698 800; x_wconf 90' lang='lat' dir='ltr'>Mundi.</span> <span class='ocrx_word' id='word_1_55' title='bbox 728 756 964 799; x_wconf 89' lang='lat' dir='ltr'><strong>Circulus</strong></span> <span class='ocrx_word' id='word_1_56' title='bbox 986 757 1285 807; x_wconf 89' lang='lat' dir='ltr'><strong>Parallelus,</strong></span> <span class='ocrx_word' id='word_1_57' title='bbox 1315 767 1474 810; x_wconf 91' lang='lat' dir='ltr'><strong>quem</strong></span> <span class='ocrx_word' id='word_1_58' title='bbox 1494 755 1890 798; x_wconf 87' lang='lat' dir='ltr'><strong>Phaenomenon</strong></span> <span class='ocrx_word' id='word_1_59' title='bbox 1917 758 2067 798; x_wconf 91' lang='lat' dir='ltr'><strong>motu</strong></span> <span class='ocrx_word' id='word_1_60' title='bbox 2089 754 2428 797; x_wconf 92' lang='lat' dir='ltr'><strong>Firmamenti</strong></span> <span class='ocrx_word' id='word_1_61' title='bbox 2448 754 2705 806; x_wconf 84' lang='lat' dir='ltr'>describit,</span> 
     </span>
    </p>

    <p class='ocr_par' dir='ltr' id='par_1_4' title="bbox 499 812 2707 990">
     <span class='ocr_line' id='line_1_8' title="bbox 499 812 2707 870; baseline -0.001 -11"><span class='ocrx_word' id='word_1_62' title='bbox 499 818 536 859; x_wconf 93' lang='lat' dir='ltr'>E</span> <span class='ocrx_word' id='word_1_63' title='bbox 547 817 633 859; x_wconf 93' lang='lat' dir='ltr'><strong>NP</strong></span> <span class='ocrx_word' id='word_1_64' title='bbox 642 816 692 858; x_wconf 93' lang='lat' dir='ltr'><strong>F.</strong></span> <span class='ocrx_word' id='word_1_65' title='bbox 710 815 945 859; x_wconf 88' lang='lat' dir='ltr'><strong>Circulus</strong></span> <span class='ocrx_word' id='word_1_66' title='bbox 959 815 1225 859; x_wconf 88' lang='lat' dir='ltr'><strong>uerticalis</strong></span> <span class='ocrx_word' id='word_1_67' title='bbox 1240 815 1547 870; x_wconf 88' lang='lat' dir='ltr'><strong>contingens</strong></span> <span class='ocrx_word' id='word_1_68' title='bbox 1561 815 1875 857; x_wconf 91' lang='lat' dir='ltr'><strong>Parallelum</strong></span> <span class='ocrx_word' id='word_1_69' title='bbox 1889 814 2196 857; x_wconf 90' lang='lat' dir='ltr'><strong>interiorem</strong></span> <span class='ocrx_word' id='word_1_70' title='bbox 2209 814 2262 856; x_wconf 92' lang='lat' dir='ltr'><strong>in</strong></span> <span class='ocrx_word' id='word_1_71' title='bbox 2275 812 2470 868; x_wconf 72' lang='lat' dir='ltr'><strong>puncsto</strong></span> <span class='ocrx_word' id='word_1_72' title='bbox 2484 814 2546 866; x_wconf 89' lang='grc' dir='ltr'><strong>Χ,</strong></span> <span class='ocrx_word' id='word_1_73' title='bbox 2561 813 2707 856; x_wconf 87' lang='lat' dir='ltr'><strong>Alios</strong></span> 
     </span>
     <span class='ocr_line' id='line_1_9' title="bbox 499 873 2706 929; baseline -0.002 -10"><span class='ocrx_word' id='word_1_74' title='bbox 499 886 629 919; x_wconf 89' lang='lat' dir='ltr'><strong>uero</strong></span> <span class='ocrx_word' id='word_1_75' title='bbox 653 876 788 918; x_wconf 90' lang='lat' dir='ltr'><strong>duos</strong></span> <span class='ocrx_word' id='word_1_76' title='bbox 807 876 1091 918; x_wconf 90' lang='lat' dir='ltr'><strong>Parallelos</strong></span> <span class='ocrx_word' id='word_1_77' title='bbox 1111 874 1225 918; x_wconf 90' lang='lat' dir='ltr'><strong>ueri</strong></span> <span class='ocrx_word' id='word_1_78' title='bbox 1245 875 1285 916; x_wconf 75' lang='lat'><strong>81</strong></span> <span class='ocrx_word' id='word_1_79' title='bbox 1306 874 1610 929; x_wconf 87' lang='lat' dir='ltr'><strong>apparentis</strong></span> <span class='ocrx_word' id='word_1_80' title='bbox 1635 873 1739 918; x_wconf 93' lang='lat' dir='ltr'><strong>loci</strong></span> <span class='ocrx_word' id='word_1_81' title='bbox 1758 874 2101 918; x_wconf 84' lang='lat' dir='ltr'><strong>Phaenomeni</strong></span> <span class='ocrx_word' id='word_1_82' title='bbox 2127 874 2309 917; x_wconf 85' lang='lat' dir='ltr'><strong>secans</strong></span> <span class='ocrx_word' id='word_1_83' title='bbox 2335 874 2394 916; x_wconf 87' lang='lat' dir='ltr'><strong>fit</strong></span> <span class='ocrx_word' id='word_1_84' title='bbox 2413 873 2619 916; x_wconf 89' lang='lat' dir='ltr'>AGNI:</span> <span class='ocrx_word' id='word_1_85' title='bbox 2648 873 2706 915; x_wconf 91' lang='lat' dir='ltr'><strong>In</strong></span> 
     </span>
     <span class='ocr_line' id='line_1_10' title="bbox 500 933 2350 990; baseline -0.001 -12"><span class='ocrx_word' id='word_1_86' title='bbox 500 946 605 990; x_wconf 91' lang='lat' dir='ltr'><strong>quo</strong></span> <span class='ocrx_word' id='word_1_87' title='bbox 626 946 756 977; x_wconf 89' lang='lat' dir='ltr'><strong>uera</strong></span> <span class='ocrx_word' id='word_1_88' title='bbox 775 935 896 978; x_wconf 92' lang='lat' dir='ltr'><strong>loca</strong></span> <span class='ocrx_word' id='word_1_89' title='bbox 915 934 1258 978; x_wconf 88' lang='lat' dir='ltr'><strong>Phaenomeni</strong></span> <span class='ocrx_word' id='word_1_90' title='bbox 1278 934 1392 977; x_wconf 92' lang='lat' dir='ltr'><strong>sunt</strong></span> <span class='ocrx_word' id='word_1_91' title='bbox 1411 935 1448 976; x_wconf 93' lang='lat' dir='ltr'>E</span> <span class='ocrx_word' id='word_1_92' title='bbox 1470 933 1510 976; x_wconf 78' lang='lat'><strong>81</strong></span> <span class='ocrx_word' id='word_1_93' title='bbox 1533 934 1594 986; x_wconf 93' lang='lat' dir='ltr'><strong>N,</strong></span> <span class='ocrx_word' id='word_1_94' title='bbox 1616 933 1940 988; x_wconf 89' lang='lat' dir='ltr'><strong>Apparentia</strong></span> <span class='ocrx_word' id='word_1_95' title='bbox 1961 936 2142 976; x_wconf 90' lang='lat' dir='ltr'><strong>autem</strong></span> <span class='ocrx_word' id='word_1_96' title='bbox 2163 933 2208 976; x_wconf 93' lang='lat' dir='ltr'>G</span> <span class='ocrx_word' id='word_1_97' title='bbox 2229 933 2269 975; x_wconf 80' lang='lat'><strong>81</strong></span> <span class='ocrx_word' id='word_1_98' title='bbox 2290 933 2350 976; x_wconf 90' lang='grc' dir='ltr'><strong>Ο.</strong></span> 
     </span>
    </p>
   </div>
   <div class='ocr_carea' id='block_1_3' title="bbox 776 1034 2441 2216">
    <p class='ocr_par' dir='ltr' id='par_1_5' title="bbox 776 1034 2441 2216">
     <span class='ocr_line' id='line_1_11' title="bbox 776 1034 2441 2216; baseline 0 0"><span class='ocrx_word' id='word_1_99' title='bbox 776 1034 2441 2216; x_wconf 95' lang='lat' dir='ltr'><strong> </strong></span> 
     </span>
    </p>
   </div>
   <div class='ocr_carea' id='block_1_4' title="bbox 502 2260 2828 3444">
    <p class='ocr_par' dir='ltr' id='par_1_6' title="bbox 502 2260 2806 2900">
     <span class='ocr_line' id='line_1_12' title="bbox 575 2260 2806 2315; baseline 0 -9"><span class='ocrx_word' id='word_1_100' title='bbox 575 2263 634 2306; x_wconf 91' lang='lat' dir='ltr'><strong>In</strong></span> <span class='ocrx_word' id='word_1_101' title='bbox 655 2264 822 2306; x_wconf 91' lang='lat' dir='ltr'><strong>altero</strong></span> <span class='ocrx_word' id='word_1_102' title='bbox 842 2262 1082 2305; x_wconf 87' lang='lat' dir='ltr'><strong>uerticali</strong></span> <span class='ocrx_word' id='word_1_103' title='bbox 1099 2261 1280 2305; x_wconf 88' lang='lat' dir='ltr'><strong>uersus</strong></span> <span class='ocrx_word' id='word_1_104' title='bbox 1302 2261 1568 2313; x_wconf 89' lang='lat' dir='ltr'><strong>occasum,</strong></span> <span class='ocrx_word' id='word_1_105' title='bbox 1597 2260 1685 2315; x_wconf 94' lang='lat' dir='ltr'><strong>qui</strong></span> <span class='ocrx_word' id='word_1_106' title='bbox 1705 2260 1776 2304; x_wconf 87' lang='lat' dir='ltr'><strong>est</strong></span> <span class='ocrx_word' id='word_1_107' title='bbox 1795 2260 2007 2313; x_wconf 90' lang='lat' dir='ltr'>AFLK,</span> <span class='ocrx_word' id='word_1_108' title='bbox 2034 2264 2243 2304; x_wconf 91' lang='lat' dir='ltr'><strong>tantum</strong></span> <span class='ocrx_word' id='word_1_109' title='bbox 2267 2261 2486 2306; x_wconf 86' lang='lat' dir='ltr'><strong>distante</strong></span> <span class='ocrx_word' id='word_1_110' title='bbox 2507 2275 2539 2305; x_wconf 90' lang='lat' dir='ltr'><strong>a</strong></span> <span class='ocrx_word' id='word_1_111' title='bbox 2559 2262 2712 2306; x_wconf 90' lang='lat' dir='ltr'><strong>Meri·</strong></span> <span class='ocrx_word' id='word_1_112' title='bbox 2763 2271 2806 2306; x_wconf 90' lang='lat'><strong>10</strong></span> 
     </span>
     <span class='ocr_line' id='line_1_13' title="bbox 505 2320 2712 2376; baseline -0 -10"><span class='ocrx_word' id='word_1_113' title='bbox 505 2322 663 2366; x_wconf 89' lang='lat' dir='ltr'><strong>diano</strong></span> <span class='ocrx_word' id='word_1_114' title='bbox 684 2322 851 2374; x_wconf 93' lang='lat' dir='ltr'>AHC,</span> <span class='ocrx_word' id='word_1_115' title='bbox 881 2324 1138 2375; x_wconf 90' lang='lat' dir='ltr'><strong>quantum</strong></span> <span class='ocrx_word' id='word_1_116' title='bbox 1158 2322 1318 2376; x_wconf 88' lang='lat' dir='ltr'><strong>prior,</strong></span> <span class='ocrx_word' id='word_1_117' title='bbox 1339 2332 1470 2364; x_wconf 90' lang='lat' dir='ltr'><strong>uera</strong></span> <span class='ocrx_word' id='word_1_118' title='bbox 1489 2321 1611 2364; x_wconf 90' lang='lat' dir='ltr'><strong>loca</strong></span> <span class='ocrx_word' id='word_1_119' title='bbox 1632 2320 1746 2363; x_wconf 92' lang='lat' dir='ltr'><strong>sunt</strong></span> <span class='ocrx_word' id='word_1_120' title='bbox 1765 2320 1801 2362; x_wconf 92' lang='lat' dir='ltr'>F</span> <span class='ocrx_word' id='word_1_121' title='bbox 1821 2320 1862 2362; x_wconf 78' lang='lat'><strong>81</strong></span> <span class='ocrx_word' id='word_1_122' title='bbox 1881 2321 1930 2372; x_wconf 91' lang='lat' dir='ltr'><strong>P,</strong></span> <span class='ocrx_word' id='word_1_123' title='bbox 1951 2320 2275 2375; x_wconf 91' lang='lat' dir='ltr'><strong>Apparentia</strong></span> <span class='ocrx_word' id='word_1_124' title='bbox 2299 2320 2343 2373; x_wconf 90' lang='lat' dir='ltr'><strong>Q</strong></span> <span class='ocrx_word' id='word_1_125' title='bbox 2358 2322 2399 2364; x_wconf 75' lang='lat'><strong>81</strong></span> <span class='ocrx_word' id='word_1_126' title='bbox 2415 2322 2473 2365; x_wconf 85' lang='lat' dir='ltr'><strong>R:</strong></span> <span class='ocrx_word' id='word_1_127' title='bbox 2503 2325 2712 2376; x_wconf 86' lang='lat' dir='ltr'>oportet</span> 
     </span>
     <span class='ocr_line' id='line_1_14' title="bbox 504 2380 2712 2436; baseline -0 -11"><span class='ocrx_word' id='word_1_128' title='bbox 504 2393 692 2425; x_wconf 91' lang='lat' dir='ltr'><strong>arcum</strong></span> <span class='ocrx_word' id='word_1_129' title='bbox 713 2382 799 2425; x_wconf 91' lang='lat' dir='ltr'><strong>SO</strong></span> <span class='ocrx_word' id='word_1_130' title='bbox 823 2382 910 2425; x_wconf 92' lang='lat' dir='ltr'><strong>seu</strong></span> <span class='ocrx_word' id='word_1_131' title='bbox 928 2381 968 2423; x_wconf 88' lang='lat' dir='ltr'>T</span> <span class='ocrx_word' id='word_1_132' title='bbox 976 2382 1029 2432; x_wconf 93' lang='lat' dir='ltr'><strong>R,</strong></span> <span class='ocrx_word' id='word_1_133' title='bbox 1058 2381 1147 2435; x_wconf 90' lang='lat' dir='ltr'><strong>qui</strong></span> <span class='ocrx_word' id='word_1_134' title='bbox 1166 2381 1281 2423; x_wconf 91' lang='lat' dir='ltr'><strong>sunt</strong></span> <span class='ocrx_word' id='word_1_135' title='bbox 1307 2383 1647 2435; x_wconf 89' lang='lat' dir='ltr'><strong>aggregatum</strong></span> <span class='ocrx_word' id='word_1_136' title='bbox 1667 2380 2021 2423; x_wconf 89' lang='lat' dir='ltr'><strong>Parallaxium</strong></span> <span class='ocrx_word' id='word_1_137' title='bbox 2046 2380 2297 2432; x_wconf 88' lang='lat' dir='ltr'><strong>inuenire,</strong></span> <span class='ocrx_word' id='word_1_138' title='bbox 2325 2381 2712 2436; x_wconf 90' lang='lat' dir='ltr'><strong>coniungantur</strong></span> 
     </span>
     <span class='ocr_line' id='line_1_15' title="bbox 502 2439 2711 2496; baseline -0 -12"><span class='ocrx_word' id='word_1_139' title='bbox 502 2440 697 2496; x_wconf 71' lang='lat' dir='ltr'><strong>puncta</strong></span> <span class='ocrx_word' id='word_1_140' title='bbox 728 2452 982 2484; x_wconf 88' lang='lat' dir='ltr'><strong>uerorum</strong></span> <span class='ocrx_word' id='word_1_141' title='bbox 1015 2441 1259 2484; x_wconf 90' lang='lat' dir='ltr'><strong>locorum</strong></span> <span class='ocrx_word' id='word_1_142' title='bbox 1286 2440 1628 2483; x_wconf 88' lang='lat' dir='ltr'><strong>Phaenomeni</strong></span> <span class='ocrx_word' id='word_1_143' title='bbox 1656 2439 1709 2481; x_wconf 93' lang='lat' dir='ltr'><strong>in</strong></span> <span class='ocrx_word' id='word_1_144' title='bbox 1738 2439 2173 2482; x_wconf 90' lang='lat' dir='ltr'><strong>Circumferentia</strong></span> <span class='ocrx_word' id='word_1_145' title='bbox 2201 2440 2440 2483; x_wconf 90' lang='lat' dir='ltr'><strong>Paralleli</strong></span> <span class='ocrx_word' id='word_1_146' title='bbox 2466 2441 2711 2484; x_wconf 86' lang='lat' dir='ltr'><strong>Arcubus</strong></span> 
     </span>
     <span class='ocr_line' id='line_1_16' title="bbox 505 2498 2710 2555; baseline -0 -11"><span class='ocrx_word' id='word_1_147' title='bbox 505 2500 835 2544; x_wconf 91' lang='lat' dir='ltr'><strong>Circulorum</strong></span> <span class='ocrx_word' id='word_1_148' title='bbox 856 2511 1176 2555; x_wconf 89' lang='lat' dir='ltr'><strong>magnorum</strong></span> <span class='ocrx_word' id='word_1_149' title='bbox 1196 2511 1262 2543; x_wconf 89' lang='lat' dir='ltr'><strong>ex</strong></span> <span class='ocrx_word' id='word_1_150' title='bbox 1281 2500 1405 2543; x_wconf 90' lang='lat' dir='ltr'>Polo</span> <span class='ocrx_word' id='word_1_151' title='bbox 1427 2499 1611 2542; x_wconf 92' lang='lat' dir='ltr'><strong>Mundi</strong></span> <span class='ocrx_word' id='word_1_152' title='bbox 1633 2498 1698 2551; x_wconf 91' lang='lat' dir='ltr'><strong>H,</strong></span> <span class='ocrx_word' id='word_1_153' title='bbox 1719 2502 1778 2541; x_wconf 90' lang='lat' dir='ltr'><strong>ut</strong></span> <span class='ocrx_word' id='word_1_154' title='bbox 1798 2498 1909 2542; x_wconf 93' lang='lat' dir='ltr'><strong>HE.</strong></span> <span class='ocrx_word' id='word_1_155' title='bbox 1933 2498 2054 2542; x_wconf 93' lang='lat' dir='ltr'><strong>HN.</strong></span> <span class='ocrx_word' id='word_1_156' title='bbox 2079 2499 2185 2542; x_wconf 93' lang='lat' dir='ltr'><strong>HP.</strong></span> <span class='ocrx_word' id='word_1_157' title='bbox 2208 2499 2411 2543; x_wconf 88' lang='lat' dir='ltr'><strong>Deinde</strong></span> <span class='ocrx_word' id='word_1_158' title='bbox 2432 2511 2498 2543; x_wconf 87' lang='lat' dir='ltr'><strong>ex</strong></span> <span class='ocrx_word' id='word_1_159' title='bbox 2518 2500 2710 2543; x_wconf 89' lang='lat' dir='ltr'><strong>eodem</strong></span> 
     </span>
     <span class='ocr_line' id='line_1_17' title="bbox 504 2557 2805 2614; baseline 0 -11"><span class='ocrx_word' id='word_1_160' title='bbox 504 2561 628 2604; x_wconf 92' lang='lat' dir='ltr'>Polo</span> <span class='ocrx_word' id='word_1_161' title='bbox 650 2560 716 2612; x_wconf 89' lang='lat' dir='ltr'><strong>H,</strong></span> <span class='ocrx_word' id='word_1_162' title='bbox 746 2560 815 2603; x_wconf 92' lang='lat' dir='ltr'><strong>ad</strong></span> <span class='ocrx_word' id='word_1_163' title='bbox 840 2558 1095 2614; x_wconf 74' lang='lat' dir='ltr'><strong>punctum</strong></span> <span class='ocrx_word' id='word_1_164' title='bbox 1121 2557 1397 2602; x_wconf 70' lang='lat' dir='ltr'><strong>contactus</strong></span> <span class='ocrx_word' id='word_1_165' title='bbox 1417 2559 1463 2600; x_wconf 93' lang='lat' dir='ltr'>X</span> <span class='ocrx_word' id='word_1_166' title='bbox 1483 2559 1524 2600; x_wconf 70' lang='lat'><strong>81</strong></span> <span class='ocrx_word' id='word_1_167' title='bbox 1545 2559 1604 2610; x_wconf 91' lang='lat' dir='ltr'><strong>L,</strong></span> <span class='ocrx_word' id='word_1_168' title='bbox 1633 2558 1896 2601; x_wconf 83' lang='lat' dir='ltr'><strong>ducantur</strong></span> <span class='ocrx_word' id='word_1_169' title='bbox 1914 2558 2085 2601; x_wconf 89' lang='lat' dir='ltr'><strong>Arcus</strong></span> <span class='ocrx_word' id='word_1_170' title='bbox 2113 2558 2215 2600; x_wconf 94' lang='lat' dir='ltr'><strong>HX</strong></span> <span class='ocrx_word' id='word_1_171' title='bbox 2235 2559 2276 2602; x_wconf 83' lang='grc' dir='ltr'><strong>8ι</strong></span> <span class='ocrx_word' id='word_1_172' title='bbox 2298 2558 2415 2602; x_wconf 91' lang='lat' dir='ltr'><strong>HL.</strong></span> <span class='ocrx_word' id='word_1_173' title='bbox 2444 2559 2710 2611; x_wconf 89' lang='lat' dir='ltr'><strong>Quoniam</strong></span> <span class='ocrx_word' id='word_1_174' title='bbox 2763 2568 2805 2603; x_wconf 88' lang='lat'><strong>15</strong></span> 
     </span>
     <span class='ocr_line' id='line_1_18' title="bbox 505 2617 2711 2673; baseline -0 -10"><span class='ocrx_word' id='word_1_175' title='bbox 505 2620 764 2663; x_wconf 92' lang='lat' dir='ltr'><strong>circulum</strong></span> <span class='ocrx_word' id='word_1_176' title='bbox 777 2620 1093 2663; x_wconf 90' lang='lat' dir='ltr'><strong>Parallelum</strong></span> <span class='ocrx_word' id='word_1_177' title='bbox 1113 2619 1418 2662; x_wconf 87' lang='lat' dir='ltr'><strong>interiorem</strong></span> <span class='ocrx_word' id='word_1_178' title='bbox 1433 2618 1684 2673; x_wconf 87' lang='lat' dir='ltr'><strong>contingit</strong></span> <span class='ocrx_word' id='word_1_179' title='bbox 1704 2617 1973 2660; x_wconf 89' lang='lat' dir='ltr'><strong>maximus</strong></span> <span class='ocrx_word' id='word_1_180' title='bbox 1994 2617 2222 2661; x_wconf 90' lang='lat' dir='ltr'><strong>circulus</strong></span> <span class='ocrx_word' id='word_1_181' title='bbox 2235 2618 2363 2660; x_wconf 89' lang='grc' dir='ltr'><strong>ΑΧΙ</strong></span> <span class='ocrx_word' id='word_1_182' title='bbox 2384 2618 2437 2661; x_wconf 91' lang='lat' dir='ltr'><strong>in</strong></span> <span class='ocrx_word' id='word_1_183' title='bbox 2456 2617 2651 2673; x_wconf 69' lang='lat' dir='ltr'><strong>puncto</strong></span> <span class='ocrx_word' id='word_1_184' title='bbox 2665 2618 2711 2661; x_wconf 91' lang='lat' dir='ltr'>X</span> 
     </span>
     <span class='ocr_line' id='line_1_19' title="bbox 505 2677 2711 2734; baseline -0 -12"><span class='ocrx_word' id='word_1_185' title='bbox 505 2690 568 2722; x_wconf 92' lang='lat' dir='ltr'><strong>ac</strong></span> <span class='ocrx_word' id='word_1_186' title='bbox 589 2690 684 2734; x_wconf 90' lang='lat' dir='ltr'><strong>per</strong></span> <span class='ocrx_word' id='word_1_187' title='bbox 702 2679 845 2722; x_wconf 90' lang='lat' dir='ltr'><strong>idem</strong></span> <span class='ocrx_word' id='word_1_188' title='bbox 865 2677 1121 2732; x_wconf 72' lang='lat' dir='ltr'><strong>punctum</strong></span> <span class='ocrx_word' id='word_1_189' title='bbox 1141 2677 1416 2722; x_wconf 74' lang='lat' dir='ltr'><strong>contad&#39;tus</strong></span> <span class='ocrx_word' id='word_1_190' title='bbox 1437 2689 1503 2721; x_wconf 88' lang='lat' dir='ltr'><strong>ex</strong></span> <span class='ocrx_word' id='word_1_191' title='bbox 1518 2678 1642 2721; x_wconf 90' lang='lat' dir='ltr'>Polo</span> <span class='ocrx_word' id='word_1_192' title='bbox 1658 2678 1890 2720; x_wconf 91' lang='lat' dir='ltr'><strong>eiusdem</strong></span> <span class='ocrx_word' id='word_1_193' title='bbox 1903 2677 2142 2720; x_wconf 82' lang='lat' dir='ltr'><strong>Paralleli</strong></span> <span class='ocrx_word' id='word_1_194' title='bbox 2156 2677 2222 2729; x_wconf 93' lang='lat' dir='ltr'><strong>H,</strong></span> <span class='ocrx_word' id='word_1_195' title='bbox 2243 2678 2425 2721; x_wconf 88' lang='lat' dir='ltr'><strong>tranfit</strong></span> <span class='ocrx_word' id='word_1_196' title='bbox 2443 2678 2711 2721; x_wconf 90' lang='lat' dir='ltr'><strong>maximus</strong></span> 
     </span>
     <span class='ocr_line' id='line_1_20' title="bbox 505 2737 2712 2792; baseline 0 -12"><span class='ocrx_word' id='word_1_197' title='bbox 505 2738 740 2781; x_wconf 90' lang='lat' dir='ltr'><strong>Circulus</strong></span> <span class='ocrx_word' id='word_1_198' title='bbox 756 2738 874 2781; x_wconf 89' lang='lat' dir='ltr'><strong>HX.</strong></span> <span class='ocrx_word' id='word_1_199' title='bbox 892 2738 1018 2781; x_wconf 93' lang='lat' dir='ltr'><strong>Ideo</strong></span> <span class='ocrx_word' id='word_1_200' title='bbox 1033 2738 1117 2781; x_wconf 91' lang='lat' dir='ltr'><strong>ille</strong></span> <span class='ocrx_word' id='word_1_201' title='bbox 1131 2738 1236 2792; x_wconf 92' lang='lat' dir='ltr'><strong>ipse</strong></span> <span class='ocrx_word' id='word_1_202' title='bbox 1252 2737 1488 2781; x_wconf 89' lang='lat' dir='ltr'><strong>Circulus</strong></span> <span class='ocrx_word' id='word_1_203' title='bbox 1502 2738 1684 2779; x_wconf 81' lang='lat' dir='ltr'><strong>transit</strong></span> <span class='ocrx_word' id='word_1_204' title='bbox 1697 2748 1790 2791; x_wconf 90' lang='lat' dir='ltr'><strong>per</strong></span> <span class='ocrx_word' id='word_1_205' title='bbox 1803 2738 1955 2780; x_wconf 90' lang='lat' dir='ltr'>Polos</span> <span class='ocrx_word' id='word_1_206' title='bbox 1969 2737 2124 2791; x_wconf 86' lang='lat' dir='ltr'><strong>ipsius</strong></span> <span class='ocrx_word' id='word_1_207' title='bbox 2137 2737 2235 2779; x_wconf 93' lang='lat' dir='ltr'><strong>AX</strong></span> <span class='ocrx_word' id='word_1_208' title='bbox 2245 2737 2282 2788; x_wconf 93' lang='grc' dir='ltr'><strong>Ι,</strong></span> <span class='ocrx_word' id='word_1_209' title='bbox 2299 2738 2340 2780; x_wconf 84' lang='grc' dir='ltr'><strong>8ι</strong></span> <span class='ocrx_word' id='word_1_210' title='bbox 2353 2749 2449 2792; x_wconf 92' lang='lat' dir='ltr'><strong>per</strong></span> <span class='ocrx_word' id='word_1_211' title='bbox 2460 2738 2533 2781; x_wconf 90' lang='lat'><strong>20.</strong></span> <span class='ocrx_word' id='word_1_212' title='bbox 2555 2737 2712 2780; x_wconf 89' lang='lat' dir='ltr'><strong>Primi</strong></span> 
     </span>
     <span class='ocr_line' id='line_1_21' title="bbox 504 2795 2711 2852; baseline 0 -13"><span class='ocrx_word' id='word_1_213' title='bbox 504 2797 775 2852; x_wconf 85' lang='lat' dir='ltr'><strong>Theodofij</strong></span> <span class='ocrx_word' id='word_1_214' title='bbox 806 2797 909 2840; x_wconf 92' lang='lat' dir='ltr'><strong>HX</strong></span> <span class='ocrx_word' id='word_1_215' title='bbox 936 2797 1189 2848; x_wconf 89' lang='lat' dir='ltr'><strong>Circulus,</strong></span> <span class='ocrx_word' id='word_1_216' title='bbox 1220 2797 1415 2840; x_wconf 84' lang='lat' dir='ltr'><strong>secabit</strong></span> <span class='ocrx_word' id='word_1_217' title='bbox 1440 2797 1699 2840; x_wconf 87' lang='lat' dir='ltr'><strong>circulum</strong></span> <span class='ocrx_word' id='word_1_218' title='bbox 1718 2796 1862 2848; x_wconf 88' lang='grc' dir='ltr'><strong>ΑΧΙ,</strong></span> <span class='ocrx_word' id='word_1_219' title='bbox 1893 2797 1961 2839; x_wconf 93' lang='lat' dir='ltr'><strong>ad</strong></span> <span class='ocrx_word' id='word_1_220' title='bbox 1986 2795 2174 2840; x_wconf 68' lang='lat' dir='ltr'><strong>rectos.</strong></span> <span class='ocrx_word' id='word_1_221' title='bbox 2203 2796 2283 2840; x_wconf 83' lang='lat' dir='ltr'><strong>Est</strong></span> <span class='ocrx_word' id='word_1_222' title='bbox 2308 2797 2460 2852; x_wconf 89' lang='lat' dir='ltr'><strong>igitur</strong></span> <span class='ocrx_word' id='word_1_223' title='bbox 2478 2797 2711 2852; x_wconf 89' lang='lat' dir='ltr'><strong>Angulus</strong></span> 
     </span>
     <span class='ocr_line' id='line_1_22' title="bbox 503 2856 2804 2900; baseline 0 0"><span class='ocrx_word' id='word_1_224' title='bbox 503 2857 660 2899; x_wconf 91' lang='lat' dir='ltr'><strong>AXH</strong></span> <span class='ocrx_word' id='word_1_225' title='bbox 680 2856 868 2900; x_wconf 72' lang='lat' dir='ltr'><strong>rectus.</strong></span> <span class='ocrx_word' id='word_1_226' title='bbox 2758 2864 2804 2900; x_wconf 89' lang='lat'><strong>20</strong></span> 
     </span>
    </p>

    <p class='ocr_par' dir='ltr' id='par_1_7' title="bbox 504 2855 2828 3444">
     <span class='ocr_line' id='line_1_23' title="bbox 566 2855 2828 2971; baseline 0 -13"><span class='ocrx_word' id='word_1_227' title='bbox 566 2916 753 2959; x_wconf 89' lang='lat' dir='ltr'><strong>Rursus</strong></span> <span class='ocrx_word' id='word_1_228' title='bbox 774 2855 1027 2970; x_wconf 67' lang='lat' dir='ltr'><strong>quornxiam</strong></span> <span class='ocrx_word' id='word_1_229' title='bbox 1049 2917 1279 2959; x_wconf 91' lang='lat' dir='ltr'><strong>duorum</strong></span> <span class='ocrx_word' id='word_1_230' title='bbox 1297 2915 1701 2971; x_wconf 91' lang='lat' dir='ltr'><strong>Triangulorum</strong></span> <span class='ocrx_word' id='word_1_231' title='bbox 1715 2915 1760 2957; x_wconf 91' lang='lat' dir='ltr'>A</span> <span class='ocrx_word' id='word_1_232' title='bbox 1772 2914 1885 2967; x_wconf 94' lang='lat' dir='ltr'><strong>HE,</strong></span> <span class='ocrx_word' id='word_1_233' title='bbox 1908 2915 1948 2958; x_wconf 72' lang='lat'><strong>81</strong></span> <span class='ocrx_word' id='word_1_234' title='bbox 1967 2915 2132 2966; x_wconf 91' lang='lat' dir='ltr'>AHF,</span> <span class='ocrx_word' id='word_1_235' title='bbox 2155 2916 2319 2958; x_wconf 90' lang='lat' dir='ltr'><strong>Latus</strong></span> <span class='ocrx_word' id='word_1_236' title='bbox 2338 2914 2433 2957; x_wconf 92' lang='lat' dir='ltr'><strong>HE</strong></span> <span class='ocrx_word' id='word_1_237' title='bbox 2450 2914 2711 2970; x_wconf 89' lang='lat' dir='ltr'><strong>Trianguli</strong></span> <span class='ocrx_word' id='word_1_238' title='bbox 2741 2915 2828 2959; x_wconf 84' lang='lat'><strong>665</strong></span> 
     </span>
     <span class='ocr_line' id='line_1_24' title="bbox 504 2974 2706 3030; baseline 0 -12"><span class='ocrx_word' id='word_1_239' title='bbox 504 2975 549 3017; x_wconf 87' lang='lat' dir='ltr'>A</span> <span class='ocrx_word' id='word_1_240' title='bbox 559 2975 607 3017; x_wconf 90' lang='grc' dir='ltr'>Η</span> <span class='ocrx_word' id='word_1_241' title='bbox 617 2976 654 3017; x_wconf 94' lang='grc' dir='ltr'><strong>Ε</strong></span> <span class='ocrx_word' id='word_1_242' title='bbox 669 2975 739 3018; x_wconf 88' lang='lat' dir='ltr'><strong>est</strong></span> <span class='ocrx_word' id='word_1_243' title='bbox 753 2977 960 3030; x_wconf 87' lang='lat' dir='ltr'><strong>aequale</strong></span> <span class='ocrx_word' id='word_1_244' title='bbox 975 2976 1152 3018; x_wconf 86' lang='lat' dir='ltr'><strong>Lateri</strong></span> <span class='ocrx_word' id='word_1_245' title='bbox 1168 2975 1276 3026; x_wconf 91' lang='lat' dir='ltr'><strong>HF,</strong></span> <span class='ocrx_word' id='word_1_246' title='bbox 1298 2976 1461 3018; x_wconf 90' lang='lat' dir='ltr'><strong>Latus</strong></span> <span class='ocrx_word' id='word_1_247' title='bbox 1477 2978 1657 3018; x_wconf 90' lang='lat' dir='ltr'><strong>autem</strong></span> <span class='ocrx_word' id='word_1_248' title='bbox 1671 2975 1715 3016; x_wconf 88' lang='lat' dir='ltr'>A</span> <span class='ocrx_word' id='word_1_249' title='bbox 1726 2974 1790 3026; x_wconf 95' lang='lat' dir='ltr'><strong>H,</strong></span> <span class='ocrx_word' id='word_1_250' title='bbox 1807 2974 1878 3017; x_wconf 88' lang='lat' dir='ltr'><strong>est</strong></span> <span class='ocrx_word' id='word_1_251' title='bbox 1893 2985 2180 3017; x_wconf 91' lang='lat' dir='ltr'><strong>commune</strong></span> <span class='ocrx_word' id='word_1_252' title='bbox 2194 2975 2400 3028; x_wconf 91' lang='lat' dir='ltr'><strong>utrique</strong></span> <span class='ocrx_word' id='word_1_253' title='bbox 2413 2974 2706 3029; x_wconf 89' lang='lat' dir='ltr'><strong>Triangulo.</strong></span> 
     </span>
     <span class='ocr_line' id='line_1_25' title="bbox 505 3033 2710 3089; baseline 0 -13"><span class='ocrx_word' id='word_1_254' title='bbox 505 3035 667 3077; x_wconf 91' lang='lat' dir='ltr'><strong>Erunt</strong></span> <span class='ocrx_word' id='word_1_255' title='bbox 690 3034 843 3089; x_wconf 90' lang='lat' dir='ltr'><strong>igitur</strong></span> <span class='ocrx_word' id='word_1_256' title='bbox 869 3036 975 3077; x_wconf 92' lang='lat' dir='ltr'><strong>duo</strong></span> <span class='ocrx_word' id='word_1_257' title='bbox 1002 3036 1170 3078; x_wconf 90' lang='lat' dir='ltr'><strong>latera</strong></span> <span class='ocrx_word' id='word_1_258' title='bbox 1190 3035 1309 3086; x_wconf 90' lang='lat' dir='ltr'><strong>AH,</strong></span> <span class='ocrx_word' id='word_1_259' title='bbox 1340 3035 1451 3086; x_wconf 92' lang='lat' dir='ltr'><strong>HE,</strong></span> <span class='ocrx_word' id='word_1_260' title='bbox 1472 3033 1733 3088; x_wconf 89' lang='lat' dir='ltr'><strong>Trianguli</strong></span> <span class='ocrx_word' id='word_1_261' title='bbox 1754 3039 1793 3074; x_wconf 84' lang='lat' dir='ltr'>A</span> <span class='ocrx_word' id='word_1_262' title='bbox 1807 3033 1918 3084; x_wconf 88' lang='lat' dir='ltr'><strong>HE,</strong></span> <span class='ocrx_word' id='word_1_263' title='bbox 1947 3034 2175 3088; x_wconf 88' lang='lat' dir='ltr'><strong>aequalia</strong></span> <span class='ocrx_word' id='word_1_264' title='bbox 2203 3034 2410 3077; x_wconf 90' lang='lat' dir='ltr'><strong>duobus</strong></span> <span class='ocrx_word' id='word_1_265' title='bbox 2431 3033 2710 3077; x_wconf 91' lang='lat' dir='ltr'><strong>Lateribus</strong></span> 
     </span>
     <span class='ocr_line' id='line_1_26' title="bbox 505 3093 2707 3149; baseline -0 -14"><span class='ocrx_word' id='word_1_266' title='bbox 505 3093 625 3145; x_wconf 92' lang='lat' dir='ltr'><strong>AH,</strong></span> <span class='ocrx_word' id='word_1_267' title='bbox 640 3094 745 3145; x_wconf 90' lang='lat' dir='ltr'><strong>AF,</strong></span> <span class='ocrx_word' id='word_1_268' title='bbox 760 3094 1195 3149; x_wconf 89' lang='lat' dir='ltr'><strong>TrianguliAHF,</strong></span> <span class='ocrx_word' id='word_1_269' title='bbox 1213 3095 1439 3137; x_wconf 89' lang='lat' dir='ltr'><strong>alterum</strong></span> <span class='ocrx_word' id='word_1_270' title='bbox 1452 3093 1617 3145; x_wconf 91' lang='lat' dir='ltr'><strong>alteri,</strong></span> <span class='ocrx_word' id='word_1_271' title='bbox 1631 3093 1916 3147; x_wconf 82' lang='lat' dir='ltr'><strong>&amp;Angulus</strong></span> <span class='ocrx_word' id='word_1_272' title='bbox 1932 3093 2079 3135; x_wconf 93' lang='lat' dir='ltr'><strong>HAE</strong></span> <span class='ocrx_word' id='word_1_273' title='bbox 2094 3093 2314 3146; x_wconf 89' lang='lat' dir='ltr'><strong>aequalis</strong></span> <span class='ocrx_word' id='word_1_274' title='bbox 2325 3093 2528 3147; x_wconf 90' lang='lat' dir='ltr'><strong>Angulo</strong></span> <span class='ocrx_word' id='word_1_275' title='bbox 2545 3093 2707 3144; x_wconf 91' lang='lat' dir='ltr'>HAF,</span> 
     </span>
     <span class='ocr_line' id='line_1_27' title="bbox 506 3152 2805 3208; baseline 0 -14"><span class='ocrx_word' id='word_1_276' title='bbox 506 3164 571 3194; x_wconf 86' lang='lat' dir='ltr'><strong>ex</strong></span> <span class='ocrx_word' id='word_1_277' title='bbox 597 3152 888 3207; x_wconf 81' lang='lat' dir='ltr'><strong>hypothesi.</strong></span> <span class='ocrx_word' id='word_1_278' title='bbox 918 3154 1095 3204; x_wconf 86' lang='lat' dir='ltr'><strong>Quare</strong></span> <span class='ocrx_word' id='word_1_279' title='bbox 1121 3165 1215 3207; x_wconf 91' lang='lat' dir='ltr'><strong>per</strong></span> <span class='ocrx_word' id='word_1_280' title='bbox 1241 3153 1283 3196; x_wconf 87' lang='lat'><strong>8.</strong></span> <span class='ocrx_word' id='word_1_281' title='bbox 1313 3153 1588 3208; x_wconf 91' lang='lat' dir='ltr'><strong>Copernici</strong></span> <span class='ocrx_word' id='word_1_282' title='bbox 1614 3155 1706 3195; x_wconf 90' lang='lat' dir='ltr'><strong>aut</strong></span> <span class='ocrx_word' id='word_1_283' title='bbox 1731 3154 1803 3194; x_wconf 87' lang='lat'><strong>55.</strong></span> <span class='ocrx_word' id='word_1_284' title='bbox 1825 3152 1978 3207; x_wconf 90' lang='lat' dir='ltr'><strong>Tertij</strong></span> <span class='ocrx_word' id='word_1_285' title='bbox 2007 3152 2072 3194; x_wconf 91' lang='lat' dir='ltr'><strong>de</strong></span> <span class='ocrx_word' id='word_1_286' title='bbox 2092 3152 2379 3206; x_wconf 90' lang='lat' dir='ltr'><strong>Triangulis</strong></span> <span class='ocrx_word' id='word_1_287' title='bbox 2406 3152 2710 3207; x_wconf 89' lang='lat' dir='ltr'><strong>Regiomon-</strong></span> <span class='ocrx_word' id='word_1_288' title='bbox 2759 3161 2805 3194; x_wconf 86' lang='lat'><strong>25</strong></span> 
     </span>
     <span class='ocr_line' id='line_1_28' title="bbox 505 3210 2709 3266; baseline 0 -14"><span class='ocrx_word' id='word_1_289' title='bbox 505 3211 630 3263; x_wconf 91' lang='lat' dir='ltr'><strong>tani,</strong></span> <span class='ocrx_word' id='word_1_290' title='bbox 646 3212 846 3265; x_wconf 89' lang='lat' dir='ltr'><strong>reliqua</strong></span> <span class='ocrx_word' id='word_1_291' title='bbox 860 3213 1027 3255; x_wconf 91' lang='lat' dir='ltr'><strong>latera</strong></span> <span class='ocrx_word' id='word_1_292' title='bbox 1042 3213 1146 3264; x_wconf 91' lang='lat' dir='ltr'><strong>AE,</strong></span> <span class='ocrx_word' id='word_1_293' title='bbox 1164 3214 1204 3255; x_wconf 81' lang='grc' dir='ltr'><strong>8ι</strong></span> <span class='ocrx_word' id='word_1_294' title='bbox 1218 3213 1322 3264; x_wconf 88' lang='lat' dir='ltr'><strong>AF,</strong></span> <span class='ocrx_word' id='word_1_295' title='bbox 1339 3215 1492 3255; x_wconf 90' lang='lat' dir='ltr'><strong>erunt</strong></span> <span class='ocrx_word' id='word_1_296' title='bbox 1506 3211 1749 3266; x_wconf 84' lang='lat' dir='ltr'><strong>aequalia.</strong></span> <span class='ocrx_word' id='word_1_297' title='bbox 1769 3212 1829 3253; x_wconf 93' lang='lat' dir='ltr'><strong>Et</strong></span> <span class='ocrx_word' id='word_1_298' title='bbox 1844 3211 2095 3265; x_wconf 89' lang='lat' dir='ltr'><strong>quoniam</strong></span> <span class='ocrx_word' id='word_1_299' title='bbox 2110 3212 2408 3254; x_wconf 86' lang='lat' dir='ltr'><strong>Parallaxes</strong></span> <span class='ocrx_word' id='word_1_300' title='bbox 2422 3210 2709 3265; x_wconf 87' lang='lat' dir='ltr'><strong>aequalium</strong></span> 
     </span>
     <span class='ocr_line' id='line_1_29' title="bbox 505 3270 2710 3324; baseline 0 -13"><span class='ocrx_word' id='word_1_301' title='bbox 505 3270 852 3313; x_wconf 88' lang='lat' dir='ltr'><strong>Altitudinum</strong></span> <span class='ocrx_word' id='word_1_302' title='bbox 878 3271 1216 3314; x_wconf 85' lang='lat' dir='ltr'><strong>Phaenomeni</strong></span> <span class='ocrx_word' id='word_1_303' title='bbox 1246 3271 1299 3314; x_wconf 92' lang='lat' dir='ltr'><strong>in</strong></span> <span class='ocrx_word' id='word_1_304' title='bbox 1323 3271 1667 3315; x_wconf 83' lang='lat' dir='ltr'><strong>uerticalibus</strong></span> <span class='ocrx_word' id='word_1_305' title='bbox 1693 3270 1923 3322; x_wconf 87' lang='lat' dir='ltr'><strong>diuerfis,</strong></span> <span class='ocrx_word' id='word_1_306' title='bbox 1955 3271 2230 3324; x_wconf 86' lang='lat' dir='ltr'><strong>aequaliter</strong></span> <span class='ocrx_word' id='word_1_307' title='bbox 2255 3283 2286 3313; x_wconf 94' lang='lat' dir='ltr'><strong>a</strong></span> <span class='ocrx_word' id='word_1_308' title='bbox 2315 3270 2608 3313; x_wconf 90' lang='lat' dir='ltr'><strong>Meridiano</strong></span> <span class='ocrx_word' id='word_1_309' title='bbox 2639 3270 2710 3312; x_wconf 87' lang='lat' dir='ltr'><strong>di-</strong></span> 
     </span>
     <span class='ocr_line' id='line_1_30' title="bbox 508 3328 2708 3384; baseline 0 -13"><span class='ocrx_word' id='word_1_310' title='bbox 508 3328 773 3381; x_wconf 84' lang='lat' dir='ltr'><strong>stantibus,</strong></span> <span class='ocrx_word' id='word_1_311' title='bbox 803 3330 917 3372; x_wconf 89' lang='lat' dir='ltr'><strong>sunt</strong></span> <span class='ocrx_word' id='word_1_312' title='bbox 936 3332 1185 3384; x_wconf 87' lang='lat' dir='ltr'><strong>aequales,</strong></span> <span class='ocrx_word' id='word_1_313' title='bbox 1215 3331 1312 3374; x_wconf 90' lang='lat' dir='ltr'><strong>erit</strong></span> <span class='ocrx_word' id='word_1_314' title='bbox 1331 3331 1439 3382; x_wconf 91' lang='lat' dir='ltr'><strong>EG,</strong></span> <span class='ocrx_word' id='word_1_315' title='bbox 1467 3330 1752 3373; x_wconf 87' lang='lat' dir='ltr'><strong>Parallaxis</strong></span> <span class='ocrx_word' id='word_1_316' title='bbox 1779 3330 1999 3383; x_wconf 75' lang='grc'><strong>89113118</strong></span> <span class='ocrx_word' id='word_1_317' title='bbox 2019 3329 2277 3372; x_wconf 86' lang='lat' dir='ltr'><strong>Parallaxi</strong></span> <span class='ocrx_word' id='word_1_318' title='bbox 2296 3329 2402 3380; x_wconf 88' lang='lat' dir='ltr'><strong>FQ,</strong></span> <span class='ocrx_word' id='word_1_319' title='bbox 2425 3329 2466 3371; x_wconf 77' lang='lat'><strong>81</strong></span> <span class='ocrx_word' id='word_1_320' title='bbox 2485 3329 2590 3380; x_wconf 93' lang='lat' dir='ltr'><strong>SN,</strong></span> <span class='ocrx_word' id='word_1_321' title='bbox 2618 3328 2708 3383; x_wconf 77' lang='lat' dir='ltr'><strong>ipsi</strong></span> 
     </span>
     <span class='ocr_line' id='line_1_31' title="bbox 505 3388 2710 3444; baseline 0 -15"><span class='ocrx_word' id='word_1_322' title='bbox 505 3388 600 3431; x_wconf 88' lang='lat' dir='ltr'><strong>TP.</strong></span> <span class='ocrx_word' id='word_1_323' title='bbox 624 3388 677 3430; x_wconf 91' lang='lat' dir='ltr'><strong>Si</strong></span> <span class='ocrx_word' id='word_1_324' title='bbox 695 3388 847 3442; x_wconf 88' lang='lat' dir='ltr'><strong>igitur</strong></span> <span class='ocrx_word' id='word_1_325' title='bbox 866 3391 1100 3442; x_wconf 87' lang='lat' dir='ltr'><strong>aequales</strong></span> <span class='ocrx_word' id='word_1_326' title='bbox 1114 3390 1190 3433; x_wconf 88' lang='lat' dir='ltr'><strong>isti</strong></span> <span class='ocrx_word' id='word_1_327' title='bbox 1203 3391 1372 3433; x_wconf 88' lang='lat' dir='ltr'><strong>Arcus</strong></span> <span class='ocrx_word' id='word_1_328' title='bbox 1387 3390 1682 3444; x_wconf 86' lang='lat' dir='ltr'><strong>aequalibus</strong></span> <span class='ocrx_word' id='word_1_329' title='bbox 1696 3389 1802 3439; x_wconf 91' lang='lat' dir='ltr'><strong>AE,</strong></span> <span class='ocrx_word' id='word_1_330' title='bbox 1819 3389 1859 3430; x_wconf 72' lang='lat'><strong>81</strong></span> <span class='ocrx_word' id='word_1_331' title='bbox 1873 3389 1977 3440; x_wconf 90' lang='lat' dir='ltr'><strong>AF,</strong></span> <span class='ocrx_word' id='word_1_332' title='bbox 2001 3389 2279 3440; x_wconf 88' lang='lat' dir='ltr'><strong>addantur,</strong></span> <span class='ocrx_word' id='word_1_333' title='bbox 2302 3390 2537 3442; x_wconf 88' lang='lat' dir='ltr'><strong>aequales</strong></span> <span class='ocrx_word' id='word_1_334' title='bbox 2557 3391 2710 3430; x_wconf 89' lang='lat' dir='ltr'><strong>erunt</strong></span> 
     </span>
    </p>
   </div>
   <div class='ocr_carea' id='block_1_5' title="bbox 2559 3452 2709 3501">
    <p class='ocr_par' dir='ltr' id='par_1_8' title="bbox 2559 3452 2709 3501">
     <span class='ocr_line' id='line_1_32' title="bbox 2559 3452 2709 3501; baseline 0.007 -1"><span class='ocrx_word' id='word_1_335' title='bbox 2559 3452 2709 3501; x_wconf 90' lang='lat' dir='ltr'><strong>inter</strong></span> 
     </span>
    </p>
   </div>
  </div>
 </body>
</html>
