2976 4264
510 328 603 381 136
1014 318 1625 375 ASTRONOMIAE
1651 314 2218 370 INSTAURATAE

584 468 702 510 Duo
725 466 853 515 sunt,
877 474 998 517 quae
1018 460 1148 503 mihi
1163 473 1194 503 a
1209 458 1498 503 doc‘tissimo
1515 457 1761 512 Magistro
1777 456 2093 511 explicanda
2112 458 2501 510 proponuntur:
2522 456 2717 508 Vnum,

511 530 569 570 ut
588 527 653 569 de
673 522 859 568 nostris
880 519 1348 564 Obseruationibus
1368 518 1592 561 reddam
1611 516 1895 560 rationem:
1926 516 2169 567 alterum,
2195 518 2254 558 ut
2278 527 2452 570 pauca
2476 515 2719 559 disseram

512 587 576 629 de
593 585 823 634 ostento,
846 581 989 635 quod
1003 578 1319 633 conspicitur
1332 577 1441 620 iarn
1456 577 1660 631 longius
1675 575 1880 618 menses
1895 578 2139 630 quatuor,
2156 575 2215 617 lit
2227 587 2293 618 ne
2306 574 2434 618 illud
2451 571 2719 628 μετέωρον,

512 658 580 688 an
599 654 729 686 uero
750 641 930 684 Stella:
961 650 1066 693 quo
1092 638 1146 680 in
1171 639 1292 681 loco
1320 636 1578 688 consistat,
1600 635 1653 678 in
1673 635 1950 686 AEthereo,
1979 647 2048 678 an
2072 645 2203 677 uero
2229 634 2283 677 in
2303 634 2620 677 Elementari
2643 646 2720 678 re-

511 704 683 759 gione:
706 700 903 743 Vltimo
925 710 1046 753 quae
1067 698 1108 740 ἃ
1129 696 1318 751 quibus
1339 696 1602 751 significet.

583 763 661 805 De
688 757 1156 803 Obseruationibus
1182 756 1369 799 nostris
1394 755 1568 810 primo
1596 754 1796 797 dicam:
1827 753 2107 808 Postquam
2136 753 2270 796 inter
2299 753 2501 797 sextam
2527 753 2719 796 horam

513 820 829 865 matutinam
844 817 971 861 sexti
982 816 1084 860 diei
1097 814 1432 866 Nouembris,
1448 813 1702 869 praeteriti
1713 813 1836 856 anni
1851 813 1978 856 1572.
1992 813 2224 867 primum
2236 811 2544 867 conspectus
2556 812 2677 856 esset
2689 825 2721 855 a

511 880 663 925 nobis
678 880 913 929 Cometa,
935 888 1043 920 non
1062 875 1248 930 procul
1265 887 1297 917 a
1312 874 1596 928 Cassiopeae
1609 873 1908 925 Asterismo‚
1931 872 2105 916 statim
2122 871 2301 916 conati
2316 871 2530 922 fuimus,
2551 872 2722 915 Astro-

512 938 735 984 nomicis
747 935 1106 980 Instrumentis
1117 932 1362 986 instructi,
1379 933 1534 976 huius
1549 932 1989 984 Declinationem‚
2006 931 2319 975 Distantiam
2331 931 2398 974 ab
2411 931 2722 986 AEquatoris

511 1000 651 1051 Polo,
682 997 1052 1040 Ascenlionem
1083 993 1301 1045 rafiam,
1337 994 1544 1037 Locum
1572 993 1935 1047 Apparentem
1962 991 2015 1034 in
2045 991 2313 1046 Ecliptica,
2347 991 2720 1043 Latitudinem,

511 1057 822 1108 Parallaxin,
850 1056 891 1099 81
917 1054 1118 1109 reliqua
1139 1053 1437 1108 cognitione
1463 1051 1765 1104 necessaria,
1792 1051 2124 1107 perscrutari,
2153 1050 2310 1094 certis
2330 1051 2371 1093 81
2392 1049 2722 1094 euidentibus

514 1115 1036 1161 Demonstrationum
1064 1113 1288 1168 uestigijs
1316 1112 1616 1155 insistentes.
1649 1111 1806 1163 Quod
1829 1111 1952 1154 ideo
1978 1110 2264 1154 necessario
2292 1110 2597 1153 addendum
2624 1109 2723 1154 esse

513 1177 635 1229 dixi,
657 1187 724 1219 ne
745 1175 860 1230 quis
880 1186 978 1218 nos
999 1174 1200 1227 absque
1216 1171 1679 1223 demonstratione,
1700 1170 1881 1214 utiam
1894 1169 2046 1213 multi
2059 1169 2221 1224 inepti
2232 1169 2450 1222 faciunt,
2473 1169 2723 1224 quaedam

512 1241 712 1281 temere
731 1234 930 1278 finxisse
950 1233 1247 1288 suspicetur.
1270 1231 1589 1274 Instituimus
1608 1233 1788 1274 autem
1805 1229 2062 1285 plurimas
2076 1229 2506 1273 obseruationes:
2530 1240 2597 1272 ex
2618 1228 2724 1283 qui-

514 1297 611 1341 bus
630 1299 813 1338 tamen
827 1294 960 1337 duas
973 1295 1198 1343 tantum,
1220 1294 1437 1346 propter
1448 1289 1706 1345 temporis
1721 1289 2013 1345 angustiam
2027 1289 2114 1333 hic
2129 1289 2355 1332 recitare
2369 1288 2720 1332 decreuimus.

515 1356 755 1408 Quarum
781 1353 952 1409 prima
973 1351 1154 1395 incidit
1173 1351 1226 1394 in
1244 1354 1456 1406 tempus
1475 1349 1797 1393 matutinum
1816 1349 1874 1392 27
1879 1382 1889 1392 .
1913 1349 2016 1393 diei
2036 1349 2227 1392 mensis
2248 1348 2568 1392 Nouembris
2587 1347 2723 1391 Anni

514 1414 780 1470 praeteriti.
803 1412 1144 1456 Processimus
1165 1413 1346 1454 autern
1365 1410 1419 1453 in
1438 1410 1580 1453 hunc
1601 1410 1840 1453 modum.
1863 1406 1887 1477 ΙΙ

587 1475 720 1517 Cum
746 1473 832 1516 hic
857 1473 1079 1516 Cometa
1104 1481 1277 1525 neque
1303 1470 1531 1522 occidat,
1558 1480 1730 1523 neque
1758 1468 2108 1512 Horizontem
2134 1467 2361 1523 stringat,
2389 1467 2478 1511 sed
2501 1466 2614 1510 fere
2638 1467 2726 1509 Pa-

514 1535 758 1577 rallelum
785 1533 939 1587 supra
961 1530 1311 1575 Horizontem
1338 1530 1545 1584 semper
1570 1531 1841 1572 extantem
1868 1527 2143 1579 describat,
2171 1526 2508 1570 manifestum
2533 1526 2608 1570 est
2632 1537 2727 1581 per

513 1593 586 1637 28.
604 1594 645 1635 8ι
658 1593 731 1636 29.
750 1591 963 1635 secundi
973 1589 1247 1645 Theodosij
1264 1589 1432 1644 ipsum
1450 1589 1584 1632 duas
1604 1588 1804 1632 habere
1824 1587 2124 1631 altitudines
2139 1585 2478 1638 Meridianas,
2501 1587 2725 1629 alteram

516 1652 826 1704 maximam,
851 1652 1075 1694 alteram
1096 1649 1391 1692 minimam.
1415 1648 1575 1704 Igitur
1594 1648 1946 1691 Instrumento
1968 1645 2289 1699 Quadrantis
2309 1646 2377 1689 ad
2396 1646 2605 1689 Horam
2620 1645 2727 1688 Me-

517 1712 778 1756 ridianam
806 1714 927 1765 apte
954 1711 994 1753 8ι
1022 1708 1281 1753 concinne
1307 1709 1590 1760 collocato,
1617 1706 2016 1762 expectauimus
2040 1706 2210 1749 donec
2233 1706 2454 1750 Cometa
2473 1705 2727 1749 incideret

515 1773 568 1815 in
587 1772 756 1827 ipsum
778 1770 1153 1814 Meridianum:
1184 1769 1327 1823 quod
1346 1766 1548 1811 factum
1569 1767 1642 1811 est
1661 1767 1822 1822 paulo
1846 1769 1968 1810 ante
1995 1766 2272 1820 septimam
2299 1765 2493 1808 horam
2519 1763 2727 1807 matuti-

516 1844 664 1875 nam:
691 1832 864 1885 Iicque
884 1828 1182 1872 inuenimus
1202 1827 1501 1870 maximam
1522 1827 1758 1871 Cometae
1780 1839 1812 1869 a
1831 1825 2031 1869 uertice
2052 1825 2352 1868 distantiam
2371 1824 2443 1868 66.
2468 1824 2628 1867 Grad.
2650 1823 2723 1866 27.

517 1892 684 1946 scrup.
702 1890 879 1942 Quare
892 1889 1049 1944 ipsius
1062 1888 1294 1931 Altitudo
1311 1887 1465 1942 supra
1481 1886 1830 1930 Horizontem
1845 1885 2066 1928 minima
2081 1887 2196 1928 erat
2207 1885 2281 1928 23.
2297 1884 2456 1927 Grad.
2469 1883 2542 1927 33.
2557 1883 2724 1938 scrup.

517 1952 577 1994 Et
597 1962 722 1994 cum
741 1949 841 1992 uiri
855 1948 1044 1992 Clariss.
1061 1949 1124 1990 D.
1142 1947 1388 2001 Cruciger
1402 1947 1443 1989 ἃ
1458 1946 1791 1998 Reinholdus,
1813 1945 2086 1999 utriusque
2103 1945 2246 1999 apud
2262 1956 2360 1988 nos
2380 1944 2468 1998 pia
2488 1943 2529 1986 δι
2550 1941 2728 1986 sancta

518 2011 577 2053 sit
602 2009 881 2060 memoria,
911 2008 1112 2062 aliquot
1137 2006 1294 2050 certis
1320 2005 1789 2049 Obseruationibus
1813 2006 1906 2048 τοῦ
1932 2000 2100 2048 πόλου
2127 2001 2316 2056 ἔξαρμα
2336 2002 2728 2057 Witebergense

518 2067 959 2124 deprehenderint
984 2067 1083 2110 esse
1104 2067 1177 2110 51.
1201 2066 1261 2109 G.
1282 2065 1355 2108 54.
1378 2066 1545 2120 scrup.
1569 2065 1665 2109 erit
1686 2065 1923 2108 Cometae
1949 2063 2231 2107 declinatio
2257 2063 2310 2105 in
2335 2063 2439 2106 hac
2466 2061 2727 2105 matutina

519 2127 899 2172 Obseruatione
920 2127 992 2170 61.
1016 2127 1076 2169 G.
1098 2125 1171 2169 39.
1194 2126 1361 2180 scrup.
1391 2126 1432 2168 δι
1459 2124 1700 2168 distantia
1721 2137 1753 2167 a
1772 2125 1895 2168 Polo
1918 2122 2229 2178 AEquatoris
2253 2122 2327 2165 28.
2351 2122 2438 2165 Gr.
2460 2122 2534 2164 21.
2558 2121 2725 2176 scrup.

520 2188 758 2231 Maxima
786 2198 917 2230 uero
948 2186 1184 2230 Cometae
1214 2184 1435 2228 altitudo
1466 2183 1762 2228 Meridiana
1790 2183 1862 2227 80.
1889 2183 1949 2227 G.
1982 2183 2050 2226 15.
2079 2183 2247 2237 scrup.
2279 2181 2376 2224 His
2405 2182 2473 2224 fic
2502 2181 2727 2224 inuentis

520 2251 667 2292 certa
694 2242 868 2299 ἐφόδῳ
895 2245 1100 2298 calculi,
1128 2256 1287 2299 quem
1314 2255 1453 2287 nunc
1476 2243 1680 2296 omitto,
1709 2246 1907 2286 caetera
1926 2241 2238 2298 perscrutati
2258 2241 2457 2284 sumus:
2485 2240 2731 2284 uidelicet

520 2307 762 2350 Ascensio
792 2304 936 2349 recta
966 2306 1203 2349 Cometae
1233 2304 1303 2347 ad
1330 2303 1698 2358 praescriptum
1726 2306 1953 2357 tempus,
1987 2313 2093 2356 quo
2124 2301 2346 2345 Cometa
2376 2299 2730 2344 Meridianum

522 2365 819 2421 occupauit,
849 2366 923 2408 est
947 2365 1162 2407 inuenta
1186 2363 1283 2407 179.
1305 2366 1467 2417 temp.
1494 2362 1562 2406 10.
1586 2362 1753 2417 scrup.
1777 2362 1967 2417 quibus
1986 2361 2267 2416 respondet
2285 2359 2553 2415 Eclipticae
2579 2361 2731 2412 μοῖρα

523 2426 924 2479 μεσουρανοῦσα,
944 2427 1002 2467 ut
1014 2425 1140 2467 Ptol.
1158 2424 1389 2478 appellat
1407 2422 1480 2465 29.
1498 2422 1558 2465 G.
1575 2421 1647 2465 53.
1665 2422 1833 2477 scrup.
1852 2421 1918 2479 m)
1936 2421 1990 2464 in
2006 2420 2228 2464 minima
2243 2420 2480 2464 Cometae
2495 2419 2563 2462 ab
2580 2418 2732 2462 Hori-

520 2489 678 2529 zonte
705 2484 992 2528 altitudine.
1026 2483 1163 2527 Hinc
1193 2482 1531 2525 manifestum
1557 2482 1817 2525 circulum
1844 2479 2225 2532 declinationis,
2257 2479 2346 2534 qui
2374 2491 2469 2534 per
2494 2479 2731 2522 Cometae

523 2546 771 2589 Centrum
798 2544 1022 2595 ducitur,
1051 2555 1083 2586 a
1109 2543 1302 2586 Coluro
1324 2540 1789 2596 AEquinoctiorum
1815 2540 2150 2583 numerando
2178 2537 2250 2591 ἑις
2275 2534 2638 2592 προηγούμενα
2663 2537 2734 2580 di-

523 2606 657 2648 stare
667 2607 876 2647 tantum
887 2603 960 2647 50.
975 2603 1125 2657 scrup
1132 2635 1142 2645 .
1155 2603 1417 2645 Praeterea
1429 2601 1565 2644 datis
1574 2600 1758 2652 tribus,
1770 2600 2016 2643 uidelicet
2027 2598 2268 2642 distantia
2278 2599 2525 2642 Polorum
2534 2598 2603 2640 Αἰ
2610 2609 2734 2652 qua-

521 2664 651 2708 toris
671 2665 712 2707 8ι
732 2662 1014 2718 Eclipticae,
1037 2661 1389 2705 declinatione
1409 2661 1450 2703 81
1471 2661 1770 2704 ascensione
1789 2658 1935 2703 recsta
1955 2660 2209 2711 Cometae,
2232 2657 2472 2702 docstrina
2490 2657 2734 2711 Triangu-

522 2725 696 2767 lorum
717 2723 1115 2777 Sphaericorum
1140 2721 1394 2776 patefacit
1413 2721 1594 2763 locum
1615 2720 1852 2763 Cometae
1873 2721 2221 2774 apparentem
2240 2717 2294 2760 in
2313 2717 2386 2761 36.
2409 2717 2469 2760 G.
2493 2717 2560 2760 ab
2581 2716 2734 2759 inter·

524 2782 747 2826 sectione
767 2794 949 2834 uerna,
971 2782 1075 2825 hoc
1097 2781 1170 2824 est
1189 2780 1232 2824 6.
1250 2780 1309 2823 G.
1333 2779 1749 2834 dodecatemorij
1767 2778 1844 2836 *0²³
1868 2778 2097 2822 Latitud.
2118 2788 2249 2821 uero
2272 2776 2733 2832 septentrionalem

522 2842 595 2885 54.
613 2843 700 2885 Gr.
717 2842 759 2885 3.
777 2842 944 2895 scrup.
969 2841 1102 2884 Haec
1123 2840 1221 2883 fuit
1239 2839 1413 2894 prima
1434 2839 1749 2891 obseruatio,
1771 2838 1857 2882 cui
1878 2837 2118 2893 congruit
2138 2837 2179 2879 81
2201 2837 2384 2886 altera,
2407 2848 2570 2890 quam
2589 2834 2633 2877 4.
2651 2834 2735 2877 die

525 2902 777 2945 Decemb.
807 2902 847 2943 ἃ
875 2900 1075 2955 aliquot
1102 2899 1436 2954 sequentibus
1462 2898 1647 2942 diebus
1677 2898 1908 2941 eiusdem
1940 2897 2063 2940 anni
2091 2896 2392 2940 habuimus.
2425 2895 2485 2938 In
2512 2894 2735 2937 minima

525 2961 666 3004 enim
695 2960 966 3003 altitudine
994 2960 1205 3015 prorsus
1233 2960 1434 3001 nullam
1463 2958 1763 3001 inuenimus
1792 2956 2214 3011 discrepantiam.
2249 2955 2449 2998 Verum
2478 2953 2732 3005 maxima,

525 3033 619 3075 per
639 3021 1048 3063 Instrumentum
1067 3019 1283 3062 inuenta
1303 3017 1482 3064 deficit
1502 3019 1535 3060 a
1554 3016 1809 3064 maxima.
1839 3029 2002 3071 quam
2029 3015 2264 3070 superior
2290 3015 2526 3058 calculus
2552 3025 2619 3056 ex
2644 3012 2736 3055 mi-

526 3079 670 3122 nima
692 3080 846 3134 supra
865 3079 1215 3122 Horizontem
1236 3077 1508 3120 altitudine
1528 3076 1704 3120 elicuit
1727 3075 1795 3119 19.
1814 3076 2035 3130 scrupul.
2051 3074 2250 3130 primis.
2275 3072 2734 3128 Deprehendimus

527 3139 668 3181 enim
688 3138 995 3193 Vespertino
1023 3137 1134 3181 eius
1160 3137 1262 3180 diei
1286 3140 1547 3191 tempore,
1575 3135 1872 3178 maximam
1899 3135 1966 3178 ab
1990 3134 2281 3178 Horizonte
2302 3132 2657 3177 eleuationem
2683 3131 2736 3173 in

529 3197 822 3241 Meridiano
849 3197 921 3240 79.
945 3198 1032 3240 Gr.
1054 3197 1127 3240 56.
1151 3197 1318 3251 scrup.
1342 3196 1383 3238 81
1404 3195 1704 3239 distantiam
1730 3207 1762 3237 a
1787 3195 1988 3238 uertice
2014 3193 2294 3237 minimam
2324 3192 2392 3235 10.
2416 3192 2476 3235 G.
2498 3191 2541 3234 4.
2565 3192 2732 3245 scrup.

528 3258 601 3299 Ex
616 3257 697 3299 his
712 3257 1021 3300 dedomenis
1036 3257 1240 3300 constat
1252 3267 1347 3310 per
1361 3256 1589 3298 eandem
1602 3254 2004 3309 Triangulorum
2022 3251 2334 3305 doctrinam,
2356 3250 2736 3306 longitudinem

529 3317 765 3359 Cometae
785 3316 987 3370 uesperi
1012 3316 1298 3358 secundum
1318 3315 1488 3358 uisum
1507 3313 1652 3357 fuisse
1672 3313 1725 3356 in
1743 3313 1788 3358 6.
1811 3313 1971 3357 Grad.
1993 3313 2066 3355 25.
2090 3313 2257 3366 scrup.
2281 3310 2352 3368 ξς,
2381 3322 2506 3354 cum
2532 3309 2733 3352 latitud.

528 3375 933 3429 Septentrionali
957 3375 1029 3418 54.
1055 3375 1141 3417 Gr.
1175 3374 1242 3418 16.
1267 3375 1434 3428 scrup.
1465 3373 1602 3417 Hinc
1629 3372 1928 3416 ratiocinati
1954 3373 2148 3423 sumus,
2175 3370 2473 3414 Parallaxin
2499 3370 2735 3412 Cometae

2630 3454 2734 3505 esse

2775 998 2818 1033 10

2777 1295 2819 1331 15

2756 1465 2844 1510 622

2775 1592 2822 1627 20

2775 1890 2822 1925 25

2776 2187 2823 2223 30

2781 2485 2828 2520 35

2782 2781 2829 2816 40

2783 3079 2830 3112 45

2785 3374 2831 3409 50
