2976 4264
517 341 587 393 98
1021 333 2222 389 AKSTOEMDhnohasazIhuyrAJJRJrTAE

516 478 679 522 facile
700 488 774 520 ex
793 487 860 519 eo
881 473 1113 518 discerni
1129 473 1315 529 postet,
1343 484 1452 517 non
1479 473 1643 517 modo
1668 484 1739 516 an
1767 472 1990 526 obirent,
2019 472 2455 526 nascerenturue,
2483 473 2618 516 Item
2646 483 2718 516 an

516 536 831 588 crescerent,
855 534 1326 577 minuerenturue:
1354 531 1504 576 Coelo
1524 532 1579 575 sn
1600 531 1922 576 haereditate
1942 530 2152 575 cunctis
2170 530 2370 586 relicto,
2395 531 2436 575 [ι’
2453 531 2716 587 quispiam

517 595 611 651 qui
627 595 891 638 rationem
915 604 1037 636 eam
1061 592 1298 646 caperet,
1320 591 1581 635 inuentus
1601 591 1743 635 eBet.
1767 590 1788 651 ΙΙ

588 655 737 697 Licet
755 665 884 697 uero
904 652 993 695 illa
1011 652 1149 708 Plinij
1172 651 1338 695 uerba
1358 662 1466 695 non
1487 652 1708 695 obscure
1720 651 1984 702 testentur,
2007 650 2378 705 Hipparchum
2393 662 2582 694 ueram
2596 650 2720 693 Stel·
2749 650 2837 695 583

517 716 624 757 lam
644 713 697 755 in
717 712 975 755 AEtherea
996 711 1235 766 Regione,
1265 711 1355 754 suo
1382 722 1504 754 aeuo
1531 711 1762 766 genitam
1789 709 2216 765 depraehendffle,
2244 710 2285 753 81
2310 710 2414 753 hac
2442 710 2719 753 occafione
2768 718 2791 753 5

515 773 838 826 reliquarum
860 770 1099 814 omnium
1125 771 1261 821 loca,
1290 770 1649 813 Instrumentis
1670 769 1858 813 debitis
1882 769 2045 827 (quod
2064 770 2238 812 nullus
2258 772 2381 812 ante
2400 768 2567 824 ipsum
2587 780 2721 824 prae-

517 832 651 889 stitit)
666 830 889 886 fignasse,
908 832 966 872 ut
981 829 1170 873 Posteri
1188 829 1390 882 scirent,
1413 842 1481 872 an
1495 829 1684 883 saepius
1697 829 1802 873 hoc
1816 829 1932 872 fieri
1945 828 2122 884 posset,
2143 831 2327 872 tamen
2340 840 2448 872 non
2461 827 2720 872 dubitauit

514 892 771 945 interpres
797 889 935 944 Plinij
966 889 1244 940 Milichius‚
1271 888 1360 931 illa
1385 888 1438 931 in
1461 889 1698 932 Cometae
1725 888 1945 932 alicuius
1972 887 2359 943 apparitionem
2386 888 2718 942 detorquere,

514 950 590 993 rei
608 950 782 1004 potius
801 948 1218 999 incredibilitate,
1241 948 1282 990 81
1303 947 1544 991 omniurn
1556 948 1991 1002 Philosophorum
2005 947 2304 1003 refragante
2323 946 2534 999 iudicio,
2556 958 2720 1001 quarn

514 1008 764 1052 Authoris
790 1007 1057 1051 Sententia
1086 1019 1150 1051 eo
1180 1006 1479 1062 perductus.
1512 1007 1687 1059 Quam
1717 1007 1858 1050 enim
1887 1017 2185 1061 perperam,
2216 1007 2282 1050 de
2309 1006 2545 1058 Cometa,
2576 1005 2718 1049 hunc
2772 1014 2815 1049 10

514 1070 694 1112 locum
713 1067 851 1123 Plinij
874 1067 1246 1121 interpretatus
1267 1067 1339 1118 fit,
1362 1078 1522 1110 nemo
1542 1066 1909 1122 refragabitur,
1933 1066 2021 1121 qui
2039 1065 2264 1121 penitius
2284 1066 2445 1109 citata
2464 1064 2632 1108 uerba
2647 1065 2721 1108 in-

512 1126 836 1182 trospexerit.
865 1127 925 1168 Et
951 1138 1114 1180 quam
1139 1126 1316 1180 quaeso
1338 1126 1625 1169 absurdum
1646 1126 1731 1178 est,
1761 1125 2033 1169 affirmare
2055 1125 2440 1180 Hipparchum,
2460 1124 2648 1168 Virum
2667 1123 2721 1167 in

515 1186 661 1231 omni
671 1185 1021 1229 Scientiarum
1035 1197 1225 1240 genere
1240 1186 1602 1237 excellentem,
1618 1197 1836 1240 praeque
1852 1185 1965 1241 alijs
1978 1185 2032 1228 in
2047 1184 2440 1228 Mathematicis
2454 1184 2720 1227 summum

513 1246 802 1297 Artificem,
829 1257 937 1289 non
963 1244 1156 1288 sciuisse
1182 1244 1370 1288 melius
1396 1244 1531 1288 inter
1552 1256 1710 1288 ueras
1730 1244 2005 1288 AEthereae
2027 1243 2263 1299 Regionis
2284 1243 2488 1295 Stellas,
2509 1243 2551 1286 ἃ
2569 1242 2720 1287 Aeris

513 1306 724 1361 igneum
744 1307 1038 1356 meteoron,
1061 1305 1204 1358 quod
1225 1304 1505 1347 Cometam
1525 1306 1739 1356 uocant,
1762 1304 2072 1356 discernere,
2101 1315 2263 1358 quam
2282 1306 2341 1346 ut
2359 1314 2455 1358 per
2472 1302 2614 1346 hanc
2635 1313 2721 1346 oc·
2772 1309 2815 1345 15

514 1365 780 1408 cafionem
793 1363 1034 1407 omnium
1043 1363 1343 1406 Affixorum
1354 1363 1596 1406 Siderum
1608 1364 1911 1419 catalogum
1924 1364 1964 1406 81
1977 1363 2145 1414 fitum,
2161 1362 2354 1406 Diuino
2367 1361 2542 1417 potius
2556 1373 2719 1416 quarn

512 1424 750 1467 humano
776 1423 976 1474 labore,
1007 1423 1224 1466 Posteris
1252 1423 1585 1477 relinqueret.
1613 1423 1682 1466 Vt
1705 1426 1935 1475 taceam,
1968 1425 2131 1477 quam
2159 1422 2441 1471 ridiculum
2471 1422 2545 1473 fit,
2577 1420 2721 1475 quod

512 1484 655 1526 idem
674 1482 812 1538 Plinij
836 1486 1245 1534 commentator,
1274 1494 1341 1525 ex
1359 1482 1537 1526 uerbis
1556 1480 1821 1537 praedic’tis
1842 1482 2044 1535 asserat‚
2072 1481 2441 1536 Hipparchum
2467 1492 2562 1536 per
2580 1480 2721 1524 istius

514 1542 750 1586 Cometae
770 1545 979 1586 motum
998 1542 1296 1598 (Cometam
1315 1542 1455 1584 enim
1470 1541 1614 1585 fuisse
1627 1542 1767 1585 hanc
1783 1542 2016 1592 Stellam,
2039 1541 2303 1597 opinatur)
2317 1540 2598 1584 Stellarum
2612 1539 2721 1582 Fix-

514 1614 670 1645 arum
684 1602 822 1653 fitus,
839 1602 880 1644 81
894 1604 1104 1644 motum
1119 1601 1548 1656 depraehendisse‚
1565 1613 1690 1644 cum
1703 1601 1943 1645 omniurn
1955 1601 2299 1644 Cometarum
2312 1600 2492 1644 cursus
2504 1600 2562 1642 fit
2573 1610 2722 1643 enor-
2770 1607 2817 1643 20

514 1661 630 1713 mis,
646 1661 909 1713 instabilis,
925 1662 1081 1713 celer,
1098 1661 1139 1704 81
1153 1660 1524 1715 uagabundus:
1542 1661 1824 1704 Stellarum
1837 1672 1967 1704 uero
1981 1660 2035 1703 in
2049 1658 2254 1704 Octauo
2268 1659 2411 1703 Orbe
2421 1659 2721 1702 Affixarum

513 1724 691 1764 motus
716 1720 983 1775 regularis,
1013 1723 1204 1772 certus,
1231 1720 1526 1772 uniformis,
1555 1720 1797 1775 adeoque
1822 1721 2010 1772 lentus,
2036 1724 2095 1763 ut
2119 1720 2274 1763 unius
2294 1718 2539 1763 Hominis
2562 1721 2721 1762 aetate

511 1780 602 1823 uix
621 1779 866 1835 progredi
887 1779 1394 1823 animaduertantur.

586 1839 719 1883 Haec
740 1850 848 1882 non
867 1840 974 1882 ullo
995 1839 1248 1894 carpendi
1263 1839 1427 1883 studio
1444 1850 1832 1883 commemoro.
1855 1839 1977 1883 Non
1991 1838 2133 1881 enirn
2147 1838 2218 1882 est
2232 1837 2499 1882 candidi&
2513 1836 2721 1892 ingenui

512 1898 717 1954 ingenij,
740 1899 968 1942 aliorum
987 1899 1200 1942 labores
1221 1899 1557 1943 extenuando
1572 1899 1799 1950 eleuare,
1822 1899 1909 1942 sed
1924 1909 2144 1941 monere
2158 1898 2342 1941 saltem
2355 1897 2516 1949 uolui,
2537 1908 2604 1940 ne
2618 1896 2721 1952 alij,
2771 1905 2818 1940 25

514 1958 668 2001 huius
688 1958 1000 2012 interpretis,
1015 1958 1127 2001 Viri
1140 1957 1296 2010 docti,
1311 1957 1646 2001 Authoritate
1659 1958 1794 2010 freti,
1811 1958 1880 2001 ad
1895 1958 2132 2001 Cometae
2147 1957 2383 2010 alicuius,
2400 1957 2442 2000 81
2455 1967 2564 2000 non
2575 1967 2722 2000 uerae

514 2018 689 2061 Stellae
710 2017 1113 2072 apparitionem,
1135 2017 1353 2060 Plinium
1373 2017 1542 2071 ipsum
1562 2018 1952 2071 detorquerent.
1976 2017 2106 2060 Mihi
2126 2017 2248 2060 sane
2269 2016 2489 2059 dubium
2508 2028 2617 2060 non
2633 2015 2721 2068 est,

512 2077 682 2131 ipsum
706 2088 801 2131 per
826 2076 945 2119 haec
972 2077 1155 2128 uerba,
1184 2075 1499 2131 fignificasse,
1528 2076 1898 2131 Hipparchum
1922 2088 2111 2120 ueram
2137 2076 2355 2119 Stellam
2375 2076 2417 2119 81
2438 2076 2722 2131 genuinam

512 2136 566 2178 in
586 2136 748 2187 Coelo,
771 2135 872 2179 suis
891 2136 1221 2190 temporibus
1240 2136 1473 2190 primum
1492 2139 1694 2188 natam,
1716 2135 2150 2190 depraehendisse:
2171 2136 2316 2179 Alias
2336 2135 2475 2179 enirn
2497 2146 2596 2179 nec
2616 2134 2722 2189 ipse

514 2195 802 2250 quicquam
815 2195 957 2247 noui,
974 2198 1065 2238 aut
1080 2195 1431 2239 admiratione
1445 2195 1676 2250 dignum,
1693 2196 1758 2238 de
1771 2198 1920 2239 tanto
1930 2195 2057 2238 Viro
2072 2195 2332 2248 retulisset‚
2348 2206 2473 2238 cum
2485 2194 2722 2238 Cometae
2770 2201 2818 2237 3ο

514 2254 752 2298 crebrius
773 2254 1176 2309 conspiciantur,
1199 2255 1241 2297 ἃ
1261 2256 1294 2297 a
1315 2255 1503 2309 quouis
1517 2255 1678 2298 etiam
1695 2254 2089 2298 Mathematum
2105 2254 2367 2309 imperito,
2390 2253 2723 2297 animaduer-

512 2317 706 2357 tantur.
730 2313 864 2365 Quae
879 2316 1058 2357 autem
1074 2315 1114 2357 81
1130 2315 1299 2368 qualis
1312 2314 1432 2358 haec
1446 2314 1618 2366 fuerit,
1635 2315 1676 2357 81
1691 2327 1760 2357 an
1773 2314 1951 2357 rursus
1965 2313 2240 2357 euanuerit
2252 2325 2351 2358 nec
2365 2325 2448 2366 ne,
2467 2313 2723 2368 quoniam

514 2384 580 2417 ex
599 2373 737 2429 Plinij
759 2373 936 2416 uerbis
957 2373 1129 2428 colligi
1147 2385 1255 2417 non
1273 2374 1455 2428 potest,
1476 2373 1530 2416 in
1550 2373 1711 2417 dubio
1731 2373 2092 2428 relinquimus.

587 2432 696 2476 Nec
725 2432 888 2475 simile
914 2433 1204 2487 quidpiam,
1232 2434 1318 2476 uel
1346 2436 1467 2477 ante
1495 2433 1790 2487 Hipparchi
1813 2436 2076 2488 tempora,
2103 2434 2189 2476 uel
2215 2432 2377 2477 etiam
2402 2432 2531 2488 post,
2557 2431 2722 2475 Annis

513 2491 622 2534 iam
642 2492 827 2546 elapfis
848 2491 990 2535 mille
1011 2491 1357 2548 septingentis,
1380 2493 1448 2536 ab
1468 2493 1576 2536 ullo
1596 2492 1813 2535 Artifice
1832 2492 1908 2550 (ut
1922 2492 2047 2550 dixi)
2064 2492 2253 2547 saepius
2266 2491 2429 2551 (quod
2443 2491 2618 2549 scitur)
2631 2491 2721 2535 ob·
2769 2499 2816 2534 35

514 2551 779 2594 seruatum
806 2551 920 2603 esse,
951 2551 1187 2607 legimus,
1218 2552 1522 2606 priusquam
1548 2552 1652 2596 hac
1678 2551 1855 2595 nostra
1880 2555 2055 2604 aetate,
2084 2552 2188 2605 illa,
2217 2553 2282 2596 de
2309 2564 2415 2607 qua
2440 2562 2581 2595 nunc
2607 2550 2721 2594 Ser-

513 2622 730 2654 monem
750 2610 1076 2662 instituimus‚
1099 2611 1329 2666 conspici
1349 2611 1521 2666 caepit.
1551 2611 1707 2663 Quod
1725 2623 1856 2655 uero
1875 2612 1980 2664 illa,
2001 2623 2173 2666 neque
2194 2612 2252 2654 fit
2270 2611 2324 2654 in
2343 2610 2662 2655 Elementari
2677 2611 2719 2654 81

511 2670 683 2713 Aerea
698 2669 883 2713 Mundi
898 2670 1136 2725 Regione,
1160 2682 1423 2725 apparens
1442 2671 1655 2726 igneum
1676 2671 1891 2726 aliquod
1911 2674 2211 2715 meteoron:
2234 2671 2322 2714 sed
2334 2670 2469 2714 inter
2483 2669 2719 2714 Coelestia

511 2730 691 2773 locum
712 2729 961 2781 obtineat,
983 2729 1163 2784 postea
1183 2730 1678 2774 demonstrabimus.

583 2789 817 2843 Apparet
842 2788 1020 2843 itaque
1047 2801 1211 2843 quam
1238 2790 1297 2832 fit
1321 2789 1441 2833 haec
1461 2802 1547 2834 res
1567 2789 1825 2842 inusitata,
1854 2801 2017 2844 quam
2038 2789 2370 2842 admiranda,
2398 2801 2561 2844 quam
2581 2788 2720 2833 deni-
2767 2795 2815 2831 40

514 2859 615 2902 que
630 2848 876 2891 omnibus
889 2848 1210 2903 Philosophis
1224 2849 1558 2901 incredibilis,
1575 2849 1788 2893 Nouam
1803 2850 1844 2892 81
1859 2848 2021 2892 aliam
2032 2861 2064 2892 a
2074 2849 2337 2904 prioribus
2347 2860 2487 2893 nunc
2500 2849 2720 2892 demum

512 2907 564 2949 in
585 2907 729 2950 Coelo
756 2906 996 2962 prodijsse
1022 2907 1254 2951 Stellam.
1284 2908 1394 2952 Nec
1414 2908 1707 2964 Theologis‚
1736 2908 1825 2962 qui
1850 2908 1981 2952 alias
2007 2909 2175 2952 multa
2199 2908 2252 2951 in
2279 2909 2552 2952 mundano
2576 2907 2719 2952 Orbe

512 2966 827 3009 miraculose
842 2966 1212 3022 contingentia,
1231 2979 1326 3021 per
1339 2967 1531 3011 Diuina
1545 2967 1794 3023 mysteria
1808 2968 2061 3011 excusare
2075 2968 2254 3020 solent,
2278 2968 2593 3012 sufficientes
2605 2967 2720 3011 red-

513 3025 638 3068 dere
658 3026 845 3069 causas
865 3026 977 3069 eius
999 3026 1091 3078 rei,
1118 3026 1349 3080 possibile
1369 3027 1622 3071 existimo.
1644 3027 1748 3070 Illis
1769 3027 1910 3070 enim
1929 3039 2024 3082 per
2044 3028 2203 3071 Mofis
2223 3028 2289 3071 de
2310 3027 2495 3071 Mundi
2514 3025 2719 3071 fabrica

515 3084 814 3136 Historiam,
843 3088 1180 3139 compertum
1207 3086 1293 3138 est,
1321 3086 1515 3129 DEVM
1537 3086 1833 3130 Authorem
1855 3086 2096 3139 uniuerfi,
2125 3098 2192 3131 ex
2218 3099 2323 3142 quo
2344 3087 2519 3130 Coelos
2545 3087 2586 3130 ἃ
2611 3086 2719 3129 Ele·
2766 3092 2814 3127 45

513 3146 709 3195 menta,
732 3155 857 3187 cum
878 3144 1124 3188 omnibus
1145 3144 1244 3188 suis
1266 3145 1539 3189 ornatibus
1559 3145 1865 3198 absoluisset‚
1888 3145 2133 3200 quieuisse
2152 3146 2220 3190 ab
2242 3146 2388 3191 omni
2408 3146 2598 3201 Opere,
2619 3156 2718 3189 nec

512 3203 677 3245 ullam
696 3203 875 3257 postea
894 3215 1075 3246 rerum
1095 3215 1295 3247 nouam
1316 3205 1598 3249 condidisse
1618 3205 1861 3260 speciem.

584 3261 704 3304 Scio
717 3264 899 3305 tamen
914 3262 1118 3317 aliquos
1133 3274 1199 3306 ex
1213 3263 1490 3307 occultiori
1504 3265 1754 3319 quadam,
1777 3265 1818 3307 81
1837 3264 2013 3308 nostro
2027 3264 2216 3309 Seculo
2230 3264 2463 3320 primum
2476 3264 2529 3307 in
2542 3265 2718 3308 lucem

513 3319 771 3374 producta
797 3321 1141 3376 Philosophia,
1170 3322 1463 3375 asserturos,
1491 3324 1722 3378 possibile
1748 3323 1848 3367 esse
1872 3324 2013 3367 hanc
2040 3324 2259 3368 Stellam
2283 3324 2338 3368 in
2362 3323 2529 3368 ueteri
2551 3323 2717 3367 Iliado

512 3378 656 3436 (libet
681 3380 822 3423 enim
848 3392 1035 3424 eorum
1061 3382 1336 3425 uocabulis
1362 3382 1455 3440 uti)
1480 3381 1736 3427 hactenus
1758 3383 1992 3435 latitasse,
2020 3383 2061 3426 ἃ
2085 3395 2226 3428 nunc
2248 3384 2467 3427 demum
2486 3386 2718 3426 matura-
2765 3389 2813 3424 5ο

2553 3470 2714 3521 fione
