2976 4264
613 298 1496 355 PROGYMNASMATUM
1522 301 1838 355 TERTIA
1864 303 2068 357 PARS
2368 306 2448 358 171

311 440 513 505 Quare
539 444 603 493 in
621 440 945 507 Triangulo
966 441 1148 504 EBC,
1177 446 1282 495 erit
1308 446 1357 496 is
1384 447 1486 509 qui
1513 445 1589 497 ad
1615 445 1679 506 Β,
1706 445 1765 497 Ρ.
1787 446 1836 498 7.
1861 443 1896 511 l.
1918 446 1992 498 21.
2021 446 2092 499 Et
2117 462 2190 499 ex
2217 446 2448 500 duobus

239 511 544 565 Lateribus
571 511 674 564 ΕΒ
696 512 748 564 &
768 512 877 566 BC
902 515 1065 578 prius
1090 513 1408 578 patefactis,
1436 516 1741 568 deducitur
1768 516 1892 578 CE,
1920 517 1980 569 P.
2000 517 2087 570 36.
2110 515 2146 584 Ι.
2168 518 2241 571 19.
2270 518 2446 571 Com-

237 583 604 649 plementum
628 584 879 636 Latitud.
902 584 1101 637 Nouae
1122 585 1334 638 Stellae.
1364 587 1434 639 Et
1453 587 1725 653 Angulus
1747 587 1911 640 CEB
1938 587 2269 642 differentia
2294 590 2446 642 Lon-

237 655 513 721 gitudinis
541 654 799 708 eiusdem
821 671 858 708 a
881 655 1135 709 Flexura
1156 657 1476 723 Cassiopeae
1495 659 1554 711 P.
1576 659 1614 711 1.
1638 656 1673 725 Ι.
1694 659 1774 714 4ὲ.
1803 659 2010 712 Incidit
2036 663 2234 726 itaque
2255 661 2447 714 Locus

166 744 189 779 ⁵
237 725 417 779 huius
432 726 627 780 Steuae
642 727 842 791 quoad
856 727 1311 793 Longitudinem
1325 732 1388 782 in
1401 730 1460 782 P.
1476 730 1525 783 6.
1544 727 1579 796 Ι.
1594 731 1680 783 59.
1691 733 1747 792 ὅ
1758 772 1770 792 ,
1789 731 2123 784 Latitudine
2138 735 2265 785 eius
2279 732 2449 786 simul

237 797 510 851 existente
530 798 589 850 P.
610 798 696 851 53.
720 795 756 864 Ι.
777 798 851 850 41.
873 806 1048 864 prout
1067 799 1417 854 adinuenire
1438 802 1907 855 intendebamus,

309 869 396 921 Ex
425 885 545 934 quo
573 871 748 934 igitur
775 872 898 922 iam
924 870 1223 936 tripliciter
1250 871 1450 925 locum
1476 873 1676 925 Nouae
1703 873 1899 926 Steuae
1926 877 2093 927 iuxta
2117 875 2384 941 Diggesei
2410 892 2447 929 a

235 943 415 993 ternis
433 943 497 992 in
518 940 838 1006 Cassiopeae
852 941 1163 995 Asterismo
1179 943 1478 1010 Distantijs
1491 960 1596 1010 per
1610 945 1864 997 Radium
1885 945 2219 1007 obseruatis,
2240 946 2445 1000 Trian-

235 1011 425 1077 gulari
450 1011 862 1078 supputatione
889 1020 1255 1079 compertum
1281 1014 1626 1077 habeamuS,
1654 1016 1977 1081 quamlibet
1999 1017 2445 1082 dispositionem,

116 1092 204 1136 657
236 1083 435 1148 quoad
449 1083 694 1149 longum
714 1079 735 1153 ΙΙ
754 1083 1007 1137 &latum
1020 1085 1093 1138 fic
1107 1092 1416 1151 repertam,
1431 1087 1578 1139 visui
1593 1103 1976 1153 exponemuS,
1990 1095 2051 1141 vt
2064 1088 2294 1142 facilius
2309 1106 2444 1142 con-

234 1153 379 1207 stare
398 1155 574 1220 possit,
596 1155 757 1220 quod
776 1171 902 1208 non
922 1159 985 1208 in
1005 1157 1262 1209 eundem
1281 1157 1480 1210 locum
1501 1158 1845 1224 conspirent,
1868 1159 2149 1225 qualique
2167 1176 2204 1213 a
2217 1160 2273 1213 se
2293 1164 2444 1214 inui-

236 1241 364 1278 cem
384 1226 768 1292 discrepantia
787 1227 1100 1289 dissideant,
1121 1229 1458 1282 innotescat.

422 1368 685 1423 LOCUS
711 1369 970 1423 NOUAE
996 1369 1314 1424 STELLAE
1340 1371 1387 1424 E
1413 1372 1794 1426 DIGGESEI
1820 1372 2218 1438 DISTANTIJ
2222 1374 2261 1428 S

811 1452 1295 1507 TRIPLICITER
1321 1455 1872 1510 ADINUENTUS.

143 1566 185 1601 15

1919 1570 2284 1605 DIFFERENTIA

1296 1717 1335 1752 P.
1586 1718 1644 1753 M.
1847 1719 1905 1754 Μ.
1985 1705 1988 1763 Ι
2074 1719 2131 1754 Μ.
2211 1705 2214 1764 Ι
2299 1720 2356 1755 Μ.

325 1799 366 1851 I.
388 1799 445 1851 A
465 1799 604 1851 Luc.
627 1798 874 1852 Cathed.
897 1799 950 1851 &
969 1799 1127 1853 Flex.
1178 1801 1228 1853 6.
1243 1799 1444 1867 150.ὶέ
1479 1803 1564 1855 53.
1580 1800 1743 1869 Ι.4Οὲ.

298 1870 368 1923 II.
388 1871 446 1923 A
466 1871 604 1923 Luc.
627 1870 799 1924 Cath.
822 1870 875 1923 &
895 1870 1138 1924 Schedir
1178 1873 1228 1925 6.
1243 1870 1444 1939 saiz&
1478 1874 1564 1926 53.
1579 1872 1712 1940 Ι.43.

268 1942 365 1994 III.
386 1943 443 1994 A
463 1941 706 1995 Schedir
726 1942 779 1994 &
799 1942 1055 2014 Flexura
1178 1944 1227 1996 6.
1243 1942 1443 2010 Ι.59.ὶ-ί
1478 1945 1563 1998 53.
1579 1943 1614 2011 Ι.
1627 1946 1701 1998 41.

303 2084 391 2137 Ex
410 2083 503 2137 his
523 2084 895 2138 manifestum
915 2086 1130 2147 euadit,
1153 2086 1448 2140 distantias
1462 2103 1500 2140 a
1513 2088 1797 2154 Diggeseo
1815 2089 2133 2151 ordinataS,
2154 2104 2279 2141 non
2299 2105 2440 2141 eun-

231 2156 368 2208 dem
386 2156 602 2221 vbique
628 2157 892 2221 praebere
912 2157 1112 2210 Nouae
1137 2158 1352 2220 locum,
1380 2159 1531 2212 adeo
1550 2166 1612 2212 vt
1631 2159 1962 2213 differentia
1986 2160 2050 2213 fit
2075 2176 2113 2213 a
2136 2163 2329 2226 prima
2354 2163 2438 2213 in-

231 2230 513 2280 uentione
526 2243 713 2293 vsque
730 2231 793 2280 in
805 2228 1140 2290 secundam,
1163 2230 1362 2295 quoad
1376 2231 1848 2296 Longitudinem,
1870 2232 1957 2284 M.
1972 2232 2022 2284 3.
2044 2232 2440 2285 Latitudinem

230 2299 311 2354 23.
331 2299 389 2351 A
407 2298 662 2352 secunda
681 2302 744 2351 in
763 2302 996 2353 tertiam
1015 2301 1324 2367 Longitud.
1346 2302 1433 2354 M.
1449 2303 1522 2355 12.
1544 2303 1795 2356 Latitud.
1818 2304 1903 2356 M.
1919 2304 1969 2356 2.
1990 2304 2047 2355 A
2066 2306 2258 2368 prima
2279 2304 2437 2355 deni-

136 2387 182 2423 25
232 2386 347 2436 que
367 2373 431 2422 in
449 2370 718 2423 vltimam
733 2371 818 2423 M.
834 2372 884 2424 9.
900 2372 1100 2437 quoad
1114 2373 1585 2438 Longitudinem,
1608 2375 1940 2427 Latitudine
1960 2374 2078 2426 illic
2098 2377 2252 2426 intra
2271 2374 2437 2426 dimi-

231 2442 396 2494 dium
416 2442 724 2494 Minutum
748 2442 850 2496 fibi
876 2446 1135 2496 inuicem
1162 2444 1572 2498 consentiente.
1600 2446 1669 2498 Et
1694 2446 1827 2498 licet
1851 2446 1982 2498 haec
2007 2445 2216 2510 triplex
2237 2445 2437 2497 discre-

229 2516 448 2578 pantia,
463 2529 588 2566 non
600 2530 786 2579 vsque
800 2515 951 2567 adeo
965 2531 1183 2581 magna
1195 2515 1274 2576 fit,
1291 2517 1817 2582 quantulacunque
1831 2524 2047 2576 tamen,
2062 2532 2186 2568 non
2201 2515 2438 2569 obscure

230 2584 472 2637 ostendit
497 2585 980 2650 intercapedineS,
1009 2602 1158 2651 quas
1178 2587 1495 2652 Diggeseus
1521 2603 1625 2652 per
1645 2588 1900 2640 Radium
1922 2587 2230 2639 demensus
2257 2587 2348 2648 est,
2376 2590 2438 2639 in

228 2671 349 2707 vno
368 2655 464 2707 vel
489 2655 673 2708 altero
694 2656 1002 2721 Scrupulo,
1029 2664 1204 2722 prout
1229 2660 1502 2722 oportuit,
1529 2674 1654 2710 non
1679 2661 1785 2711 rite
1812 2658 2093 2711 constare:
2119 2658 2437 2723 praesertim

132 2743 180 2779 30
229 2742 366 2778 cum
396 2729 548 2778 inter
578 2730 833 2791 primam
862 2727 914 2779 δι
942 2730 1174 2780 tertiam
1205 2726 1519 2781 adductam
1552 2730 2021 2794 explorationem
2054 2729 2437 2794 discrepantia

228 2797 637 2863 Longitudinis
658 2801 1054 2851 committatur
1073 2800 1123 2851 9.
1146 2799 1346 2864 Scrup.
1368 2800 1439 2852 Et
1459 2803 1609 2852 inter
1629 2801 1964 2853 Secundam
1984 2800 2037 2852 ἃ
2055 2800 2316 2853 Tertiam
2336 2800 2434 2853 ad-

227 2868 345 2921 huc
364 2871 552 2934 magis
572 2867 745 2922 aucta
764 2869 836 2921 12.
859 2869 946 2922 M.
968 2872 1225 2935 attingat.
1252 2869 1405 2934 Quae
1425 2870 1563 2924 sane
1584 2871 2045 2924 discohaerentiae
2065 2874 2269 2924 nimiae
2289 2871 2435 2933 sunt,

227 2955 336 2992 nec
366 2939 802 2992 excusationem
831 2940 1096 3006 aliquam
1123 2948 1440 2994 merentur.
1474 2943 1632 2996 Loca
1660 2950 1861 2996 autem
1890 2943 2171 2995 Fixarum
2200 2959 2237 2995 a
2265 2943 2435 2995 nobis

227 3012 509 3076 assumpta
527 3011 630 3077 ipfi
645 3011 814 3064 Caelo
834 3015 1100 3077 apprime
1121 3012 1378 3065 consona
1398 3015 1518 3076 esse,
1540 3017 1695 3067 circa
1707 3014 1891 3067 finem
1905 3030 2029 3080 cap.
2045 3015 2095 3066 2.
2110 3014 2208 3067 vbi
2224 3014 2434 3067 Cassio-

131 3099 178 3134 35
226 3097 356 3147 peae
383 3082 579 3135 Steuae
606 3098 679 3135 ex
707 3082 1229 3136 obseruationibus
1255 3087 1425 3136 certis
1447 3085 1840 3148 verificantur,
1867 3086 1999 3138 satis
2025 3086 2312 3151 superque
2339 3086 2434 3138 de-

226 3153 700 3215 monstrauimuS‚
723 3153 775 3206 &
794 3154 1004 3207 nostrae
1024 3154 1328 3207 Distantiae
1347 3159 1476 3220 pari
1496 3157 1788 3210 Methodo
1807 3157 1922 3210 illis
1942 3157 2269 3223 applicatae,
2298 3172 2434 3222 quae

226 3224 426 3278 locum
449 3225 666 3278 Sideris
691 3224 870 3278 huius
896 3228 1051 3278 intra
1074 3226 1233 3278 idem
1259 3227 1582 3290 Minutum,
1608 3235 1732 3282 tam
1757 3229 1956 3294 quoad
1981 3229 2226 3294 longum
2253 3243 2434 3293 quam

226 3295 415 3348 latum
427 3296 644 3362 vbique
660 3304 972 3362 reponunt,
992 3296 1342 3350 sufficienter
1361 3299 1708 3363 persuadere
1727 3302 1996 3365 poterint,
2017 3307 2140 3353 tam
2153 3300 2434 3352 Fixarum

226 3366 360 3419 loca
384 3364 536 3420 redte
555 3367 611 3420 se
631 3367 851 3421 habere
872 3384 1054 3433 quam
1074 3368 1390 3422 Distantias
1416 3370 1637 3424 nostras
1656 3371 1807 3424 nulli
1825 3374 1968 3424 vitio
1990 3372 2277 3424 obnoxias
2305 3372 2430 3424 esse:

369 3449 439 3484 22·
2225 3458 2432 3495 omnes
