2976 4264
671 302 1550 355 PROGYMNASMATUM
1576 301 1890 353 TERTIA
1916 301 2119 353 PARS
2429 302 2497 352 67

298 444 657 498 aduerfionis
677 447 905 496 ratione
925 450 1047 496 tam
1066 447 1396 509 propinque
1416 444 1655 509 scopum
1675 445 1936 508 attigerit,
1965 451 2155 507 quam
2169 442 2329 507 quod
2355 458 2498 506 pau-

298 516 568 568 culorum
587 515 995 580 scrupulorum
1015 515 1397 580 discrepantia
1417 514 1789 580 exageranda
1807 517 2020 566 veniat.

368 586 462 639 Sic
475 586 747 638 Ascenfio
762 585 936 639 Recta
955 602 1114 638 nunc
1134 586 1397 638 abundat
1416 587 1488 638 17.
1507 583 1524 651 l
1531 627 1541 637 .
1565 601 1700 637 cum
1719 588 1881 649 prius
1896 601 1968 636 ex
1982 583 2315 637 incorrectis
2330 584 2496 636 Fixa-

295 673 430 710 rum
448 657 591 709 locis
606 673 643 709 a
656 656 950 709 Maestlino
964 660 1211 709 inuenta
1223 657 1287 709 fit
1300 658 1545 709 dimidio
1564 656 1749 721 gradu
1767 656 1912 707 iusto
1932 659 2142 708 minor.
2165 655 2498 707 Declinatio

226 748 249 783 5
297 731 396 780 vix
415 731 589 780 vnico
609 730 839 780 minuto
859 744 1019 780 nunc
1039 744 1076 780 a
1095 728 1287 780 nostra
1307 728 1709 780 constitutione
1731 726 1938 779 deficit.

368 800 496 852 Iam
521 799 720 851 locum
740 799 936 852 Stellae
957 799 1171 860 Nouae,
1198 806 1320 851 tam
1346 796 1604 863 respectu
1624 797 1917 862 Eclipticae
1938 813 2120 862 quam
2138 797 2498 861 AEquatoris‚

295 873 461 923 iuxta
474 869 629 922 hanc
644 873 1154 923 ratiocinationem
1166 870 1631 935 peruestigatum,
1646 875 1707 920 vt
1718 885 1838 920 vno
1853 871 2069 920 intuitu
2082 874 2292 933 pateat,
2315 867 2500 920 oculis

295 941 614 1008 sUbilCiam·
1090 976 1128 1010 P.
1213 975 1270 1009 M.
2014 974 2052 1008 Ρ.
2140 973 2196 1008 Μ.

205 1056 247 1090 ιο
510 1036 841 1101 Longitudo
1095 1036 1129 1088 7
1236 1035 1270 1087 3
1297 1037 1354 1095 ⁸0²
1432 1033 1703 1086 Ascenfio
1725 1032 1900 1086 Recta
2024 1033 2059 1085 O
2130 1034 2199 1085 43

509 1106 782 1159 Latitudo
1060 1106 1129 1159 53
1203 1105 1272 1158 39
1294 1106 1358 1158 B.
1434 1105 1768 1157 Declinatio
2001 1105 2058 1156 61
2131 1104 2200 1157 46
2220 1105 2284 1156 B.

366 1225 528 1276 Hinc
556 1231 815 1290 apparet,
849 1223 1009 1289 quod
1037 1223 1202 1275 locus
1231 1222 1427 1276 Stellae
1456 1238 1581 1274 non
1610 1223 1779 1275 cadat
1807 1230 1943 1275 ante
1974 1222 2265 1275 Colurum
2292 1222 2497 1286 AEqui-

295 1294 642 1356 noctiorum,
657 1311 851 1360 neque
867 1298 1045 1347 etiam
1057 1301 1179 1347 tam
1192 1310 1392 1359 prope,
1408 1294 1503 1346 sed
1518 1294 1678 1358 quafi
1692 1310 1796 1358 per
1808 1301 1925 1346 tres
1939 1300 2177 1358 quartas
2188 1296 2362 1345 vnius
2373 1308 2497 1358 gra-

297 1367 408 1419 dus
427 1367 665 1419 vlterior
683 1369 747 1418 in
767 1366 1202 1430 consequentia;
1231 1366 1390 1430 quod
1410 1371 1610 1417 tamen
1630 1365 1821 1417 nostra
1846 1367 2107 1426 inuenta,
2133 1365 2266 1429 plus
2289 1370 2499 1428 quarta

206 1461 247 1496 15
296 1438 510 1503 gradus
535 1444 699 1503 parte
726 1437 965 1489 excedit.
995 1437 1170 1489 Circa
1189 1435 1649 1488 Maestlinianam
1675 1439 1874 1500 itaque
1893 1435 2072 1487 huius
2093 1435 2287 1488 Stellae
2307 1435 2499 1487 Astro-

296 1512 596 1561 nomicam
616 1508 1140 1561 considerationem
1158 1507 1222 1559 fit
1241 1506 1371 1558 haec
1391 1506 1629 1559 attulisse
1649 1506 1798 1559 satiS.
1824 1507 2099 1571 Cumque
2119 1509 2169 1558 is
2188 1506 2498 1571 Astrologi-

297 1596 429 1633 cam
447 1580 686 1645 ipsemet
705 1577 976 1632 detrectet
997 1578 1180 1643 (quod
1196 1578 1248 1629 &
1260 1578 1577 1643 prudenter
1590 1576 1809 1630 factum
1823 1577 2040 1642 iudico)
2056 1593 2151 1629 me
2166 1577 2313 1629 alias
2326 1577 2482 1629 istius

294 1652 458 1704 modi
476 1651 723 1704 libenter
741 1650 1223 1716 supersedentem,
1243 1649 1410 1701 solita
1429 1648 1799 1701 excusatione
1819 1649 2041 1701 liberat.
2063 1644 2085 1716 ΙΙ

177 1856 264 1899 553
366 1820 467 1893 D.
498 1817 1146 1894 CORNELIUS
1178 1817 1620 1890 GEMMA
1647 1815 2435 1890 LOUANIENSIS.

201 1958 247 1993 20
438 1936 485 1987 E
505 1935 618 1987 hac
638 1934 817 1988 Stella
835 1933 1012 1986 semel
1031 1940 1208 1998 atque
1228 1936 1442 1985 iterum
1457 1932 1590 1984 suas
1602 1931 1924 1996 publicauit
1938 1935 2348 1996 conceptiones
2364 1931 2498 1984 Cla-

454 2007 697 2058 rissimus
709 2006 762 2058 81
773 2006 1191 2058 Eruditissimus
1205 2003 1593 2068 Philosophus
1606 2003 1921 2055 Cornelius
1934 2003 2207 2063 Gemma,
2225 2002 2498 2055 Gemmae

294 2077 453 2129 illius
485 2077 661 2143 Frifij‚
694 2077 1104 2129 Mathematici
1137 2077 1355 2140 eximij,
1388 2075 1587 2135 Filius,
1627 2074 1865 2138 eiusque
1896 2077 1960 2126 in
1991 2072 2288 2126 Doctrinis
2322 2077 2499 2125 etiam

294 2148 728 2201 sublimioribus
758 2164 884 2200 non
916 2148 1167 2213 degener
1198 2146 1484 2198 successor.
1518 2146 1781 2197 Primum
1813 2145 1992 2198 Stella
2023 2144 2219 2198 adhuc
2251 2145 2498 2197 durante

218 2231 252 2273 52
295 2235 517 2283 paucas
534 2220 606 2272 de
624 2236 696 2272 ea
708 2219 967 2285 pagellas
983 2218 1181 2279 edidit;
1202 2217 1399 2282 postea
1411 2220 1474 2268 in
1489 2217 1716 2269 erudito
1733 2217 1927 2281 Opere
1943 2217 2014 2269 de
2028 2217 2267 2268 Diuinis
2282 2215 2499 2267 Mundi

201 2314 248 2348 25
298 2289 775 2343 Characterismis
788 2290 1021 2356 plenius
1037 2289 1452 2353 &locupletius
1467 2288 1539 2340 de
1553 2287 1665 2340 hac
1675 2286 1965 2348 tractauin
1982 2290 2127 2352 quin
2138 2288 2263 2339 &in
2275 2287 2498 2351 Scripto

296 2361 368 2413 de
390 2362 641 2415 Cometa
659 2363 822 2414 Anni
846 2362 990 2414 1577.
1017 2359 1275 2426 paucula
1299 2359 1706 2424 superaddidit.
1736 2358 1889 2430 Quae
1909 2362 2081 2424 igitur
2101 2359 2332 2410 duobus
2350 2374 2473 2423 prae

295 2432 488 2485 sertim
513 2433 903 2486 anterioribus
929 2433 1072 2484 locis
1101 2431 1259 2496 (quae
1284 2436 1485 2483 tamen
1506 2433 1701 2495 potius
1721 2429 2143 2494 Astrologicam
2163 2445 2345 2493 quam
2366 2430 2497 2481 Ma-

295 2503 674 2556 thematicam
688 2504 883 2557 Stellae
898 2503 1421 2555 considerationem
1439 2517 1563 2566 prae
1577 2501 1632 2552 se
1646 2500 1861 2564 ferunt)
1882 2504 1945 2552 in
1964 2501 2228 2552 medium
2245 2500 2494 2556 adducit.

294 2574 462 2627 breui
482 2575 534 2627 &
555 2578 906 2640 competenti
926 2573 1316 2639 disquisitione
1335 2572 1436 2624 sub
1456 2574 1739 2623 trutinam
1756 2571 2115 2623 vocabimus

200 2668 247 2704 30
366 2646 658 2711 Principio
685 2653 900 2707 autem,
929 2661 1064 2710 quae
1090 2643 1382 2709 prioribus
1409 2643 1622 2695 chartis
1648 2642 1987 2707 conscripfit,
2013 2641 2494 2706 introspiciamuS,

294 2717 490 2781 postea
509 2718 581 2769 de
600 2720 689 2783 ijs,
711 2733 847 2782 quae
868 2714 1469 2769 Charac'terismorum
1490 2713 1664 2765 Libro
1685 2713 1991 2774 habentur,
2013 2711 2212 2765 acturi.

367 2788 612 2840 Nouam
630 2787 786 2840 hanc
801 2787 1058 2847 Stellam,
1080 2801 1262 2850 quam
1282 2785 1356 2837 ob
1377 2791 1761 2849 apparentem
1778 2800 1913 2840 cum
1927 2784 2158 2836 Venere
2177 2783 2494 2835 fimilitudi·

295 2874 434 2910 nem
447 2858 855 2924 Phosphorum
868 2858 1120 2910 alterum
1132 2871 1478 2920 nuncupare
1491 2871 1616 2907 non
1629 2855 1932 2916 dubitauit,
1948 2856 1997 2907 9.
2010 2855 2125 2906 Die
2137 2854 2495 2906 Nouembris

295 2931 576 2995 incepisse,
592 2933 879 2994 quoniam
890 2928 1285 2988 antecedente,
1299 2942 1437 2978 eum
1449 2926 1606 2979 Coeli
1615 2926 1831 2987 locum,
1842 2926 1940 2977 vbi
1952 2926 2208 2986 constitit,
2224 2928 2495 2976 intuenti-

201 3023 247 3058 35
294 3001 404 3052 bus
431 3017 555 3053 non
581 3003 933 3066 apparuerit,
961 3000 1157 3051 asserit.
1184 2998 1264 3049 At
1283 3013 1320 3049 a
1339 2997 1604 3049 Domino
1625 2997 1809 3049 Paulo
1830 2997 2149 3049 Hainzelio
2171 2997 2285 3047 Die
2306 2997 2355 3048 7.
2376 2995 2497 3047 visa

296 3071 387 3133 est,
414 3079 474 3124 vt
499 3072 738 3137 ipsemet
762 3071 995 3123 testatur
1020 3073 1083 3121 in
1103 3068 1355 3133 Epistola
1381 3067 1456 3119 ad
1475 3067 1829 3133 Wolphium
1853 3068 2115 3132 superius
2136 3066 2415 3119 exhibita:
2444 3066 2496 3117 81

296 3150 419 3195 erat
445 3147 493 3195 is
519 3143 657 3196 sane
676 3146 766 3195 vir
784 3142 1091 3202 veridicuS,
1117 3141 1480 3203 minimeque
1500 3141 1563 3190 in
1583 3139 1819 3203 quiduis
1839 3139 2132 3190 asserendo
2156 3138 2321 3189 leuiS.
2350 3137 2495 3202 Ipse-

295 3220 414 3266 met
434 3217 613 3267 etiam
628 3214 887 3267 Gemma
905 3216 968 3264 in
988 3211 1119 3276 alijs
1134 3211 1369 3274 Scriptis
1389 3209 1461 3262 de
1481 3210 1803 3274 primordio
1823 3209 2003 3261 huius
2023 3209 2217 3261 Steuae
2238 3209 2338 3260 fibi
2359 3224 2493 3260 con-

294 3288 584 3347 trariatur,
615 3285 872 3337 referens
898 3283 1044 3335 illud
1070 3282 1146 3334 ad
1174 3278 1440 3333 Otftobris
1466 3280 1664 3332 finem.
1695 3281 1939 3332 Videtur
1964 3283 2161 3344 itaque
2188 3279 2493 3343 vtrobique

201 3377 247 3411 4ο
296 3356 454 3422 vulgi
473 3359 757 3409 incertam
774 3355 1122 3407 relationem
1138 3354 1333 3418 potius
1345 3351 1588 3412 secutuS,
1611 3367 1793 3415 quam
1807 3352 1966 3415 quod
1981 3352 2051 3403 de
2066 3352 2352 3414 principio
2368 3353 2493 3401 eius

438 3438 484 3474 9·
2305 3427 2493 3472 1313111
