2976 4264
143 992 186 1028 10

144 1289 187 1324 15

138 1883 184 1919 25

141 2477 188 2512 35

159 3003 188 3047 ,1.

142 3070 189 3104 45

118 3179 205 3223 607

144 3364 190 3399 50

615 312 1496 367 PROGYMNASMATUM
1522 313 1838 365 TERTIA
1864 314 2069 366 PARS
2183 386 2186 388 q
2360 315 2441 366 121

235 463 362 495 cum
388 451 616 495 Latitud.
644 451 717 496 54.
745 453 793 496 P.
827 453 895 496 16.
922 453 1088 508 scrup.
1110 453 1212 496 Vbi
1237 464 1368 498 uero
1396 453 1674 498 Horizonti
1699 453 2003 508 proximum
2030 454 2117 505 est,
2146 454 2364 508 praecise
2390 454 2442 496 in

233 510 277 554 6.
307 510 466 554 Grad.
489 510 561 568 ξς,
593 522 719 554 011111
746 512 974 556 Latitud.
1003 512 1205 557 boreali
1229 512 1302 556 54.
1330 514 1378 556 P.
1405 513 1449 556 3.
1478 513 1646 568 scrup.
1675 513 2098 557 Declinationem
2124 524 2248 568 ergo
2275 525 2441 568 prope

233 569 490 613 uerticem
515 569 588 613 61.
610 571 660 614 P.
687 570 760 615 58.
784 571 969 626 scrup.‚
997 583 1164 627 prope
1191 572 1542 616 Horizontem
1568 575 1748 615 autem
1773 572 1846 615 61.
1874 573 1922 615 P.
1950 572 2023 615 39.
2052 572 2219 627 scrup.
2247 572 2443 615 inueni-

234 640 370 681 mus,
399 630 440 672 81
465 630 775 682 Parallaxin,
803 630 845 674 0.
873 632 922 674 P.
955 631 1023 675 19.
1051 631 1218 686 scrup.
1248 643 1356 675 non
1381 630 1566 675 exacte
1590 634 1773 674 tamen
1798 631 2036 686 inquilito
2065 631 2376 683 discrimine,
2406 632 2441 674 fi

235 689 379 742 quod
404 689 569 733 modo
596 689 730 733 inter
754 702 943 734 uerum
969 691 1010 733 &
1037 694 1384 746 apparentem
1410 691 1590 734 locum
1617 702 1784 745 prope
1809 691 2066 734 uerticem
2086 690 2227 734 facit.
2256 691 2443 734 Ascen-

235 747 434 792 fionem
454 748 566 792 eius
585 747 787 792 recstam
807 749 910 792 359.
931 750 1262 805 temporibus
1280 750 1353 793 56.
1371 750 1538 805 scrup.
1561 750 1779 793 dimenfi
1800 750 1997 793 sumus:
2020 750 2088 792 Vt
2107 749 2305 793 incidat
2326 761 2443 805 pro-

234 807 526 861 pemodum
546 808 599 850 in
618 807 786 862 ipsum
806 809 1058 852 Colurum
1078 808 1519 864 aequinoc‘tiorum
1540 810 1694 864 supra
1714 809 2030 864 principium
2048 814 2122 861 V.

304 866 532 910 Tantum
551 866 806 912 hadtenus
827 867 1256 921 Obseruauimus,
1284 869 1457 912 daturi
1477 880 1699 923 operam
1718 871 1777 911 ut
1797 868 2044 912 absolutis
2065 868 2290 923 organis,
2319 880 2440 923 quae

234 937 374 969 nunc
395 926 737 979 fabricamus,
764 927 884 971 haec
906 927 1086 971 omnia
1107 929 1445 983 exploremus
1466 928 1766 972 accuratius
1786 928 1827 970 81
1849 926 2098 980 exactius,
2125 928 2216 970 nili
2241 928 2442 971 interea

235 984 388 1028 Sidus
408 986 699 1038 euanuerit,
721 998 846 1030 cum
866 987 1093 1030 multum
1114 988 1172 1030 fit
1191 986 1446 1031 hactenus
1467 990 1814 1031 attenuatum.
1837 988 1934 1030 Etfi
1954 999 2094 1030 nunc
2111 988 2287 1030 rursus
2300 987 2442 1030 uide-

233 1047 319 1087 tur
338 1045 482 1099 quasi
502 1045 747 1097 refistere,
775 1057 873 1089 nec
900 1046 1197 1090 deficiendo
1217 1047 1463 1102 progredi
1483 1047 1724 1101 amplius.
1752 1045 2047 1089 Parallaxin
2066 1047 2157 1089 nisi
2177 1046 2440 1090 maiorem

234 1103 590 1148 inuenerimus
606 1104 673 1148 19.
688 1105 854 1160 scrup.
869 1105 1109 1149 distantia
1120 1105 1232 1149 eius
1243 1109 1428 1149 aterra
1443 1105 1706 1160 superabit
1720 1105 1817 1149 164.
1833 1106 2251 1149 semidiametros
2264 1109 2438 1149 terrae.

235 1163 313 1206 Ita
333 1163 613 1218 Sphaeram
635 1165 671 1219 Ω
693 1164 924 1219 attinget,
947 1165 1164 1208 orbibus
1189 1170 1218 1216 (ζ
1244 1165 1284 1207 81
1307 1163 1341 1223 ζξ
1363 1165 1686 1208 transcensis.
1717 1165 1850 1208 Haec
1869 1168 2019 1208 tanta
2039 1165 2278 1208 distantia
2298 1177 2442 1219 pror-

235 1222 318 1265 sus
338 1223 622 1266 conturbat
641 1223 875 1268 rationes
894 1224 1112 1276 nostras,
1140 1227 1198 1267 ut
1220 1224 1533 1268 constituere
1552 1224 1791 1268 nondum
1813 1236 2087 1278 queamus,
2116 1224 2443 1267 elementari-

236 1282 396 1326 busne
416 1294 486 1324 an
505 1282 751 1326 aethereis
772 1283 1148 1326 connumerari
1168 1284 1373 1327 debeat.
1402 1283 1603 1338 Specie,
1630 1284 1858 1338 puritate
1877 1283 2104 1335 luminis,
2133 1283 2351 1338 fulgore,
2373 1283 2442 1326 ef-

234 1341 381 1397 fingit
406 1342 448 1383 81
472 1342 814 1396 repraesentat
843 1342 1028 1386 Stellas
1056 1342 1425 1386 immobilitate
1454 1343 1495 1386 81
1525 1343 1800 1386 scintillatu
1828 1343 1981 1394 fixas,
2012 1343 2371 1397 magnitudine
2400 1343 2441 1385 81

235 1400 436 1456 fulgore
449 1401 704 1445 Planetas.
727 1401 830 1445 Sed
851 1401 919 1444 ab
939 1401 1175 1456 utrisque
1194 1402 1413 1446 uicissim
1433 1403 1578 1456 quasi
1598 1403 1806 1457 separat
1826 1414 1890 1445 ac
1912 1402 2131 1445 secernit
2151 1402 2254 1445 sese
2274 1405 2442 1444 muta-

212 1459 376 1504 tione
397 1460 652 1504 constanti
671 1460 1061 1516 magnitudinis,
1088 1461 1316 1513 luminis,
1345 1462 1386 1504 81
1412 1461 1622 1513 coloris,
1651 1461 1828 1515 qualis*
1843 1461 1896 1504 in
1922 1461 2075 1504 nullis
2096 1461 2166 1504 est
2186 1460 2441 1504 hactenus

234 1519 514 1563 obseruata
527 1519 712 1564 Stellis.
735 1520 961 1564 Seorfim
982 1523 1162 1564 autem
1177 1533 1209 1563 a
1224 1520 1359 1564 Fixis
1374 1520 1588 1575 quidem
1602 1532 1826 1564 numero
1842 1521 2124 1563 Stellarum
2139 1520 2439 1575 Cassiopeae‚

233 1579 275 1622 ἃ
294 1579 386 1622 sua
405 1579 641 1623 nouitate
660 1579 713 1622 in
733 1591 798 1624 00
812 1581 934 1624 1000
949 1578 1138 1623 Octaui
1151 1579 1322 1632 Orbis,
1343 1583 1459 1623 tum
1474 1580 1714 1623 distantia
1729 1592 1761 1622 a
1773 1580 1934 1622 Terra
1949 1591 2015 1623 ex
2027 1580 2285 1622 Parallaxi
2299 1591 2443 1623 com-

232 1638 509 1693 prehensa:
543 1651 648 1693 qua
673 1640 914 1683 nondum
941 1639 1188 1694 Mercurij
1217 1639 1497 1693 Sphaeram
1526 1639 1748 1683 excedit.
1778 1640 1824 1681 A
1850 1639 2072 1682 Planetis
2097 1650 2227 1683 uero
2254 1639 2442 1683 immo-

233 1697 448 1750 bilitate,
471 1698 564 1741 situ
579 1701 731 1742 extra
745 1699 1051 1750 Zodiacum‚
1067 1710 1292 1742 numero
1306 1700 1657 1750 Planetarum‚
1678 1710 1803 1742 cum
1818 1698 2155 1742 certissimum
2170 1699 2242 1749 fit,
2265 1700 2440 1752 plures

234 1757 456 1811 septenis
475 1757 628 1801 nullis
647 1770 886 1813 unquam
900 1758 1085 1802 seculis
1099 1758 1167 1801 ab
1181 1758 1485 1802 Artificibus
1499 1761 1808 1801 numeratos
1823 1758 1937 1801 0130.
1961 1758 2285 1800 Commentis
2300 1757 2441 1800 enim

233 1816 274 1859 81
289 1816 480 1860 fabulis
494 1820 586 1860 aut
598 1817 948 1872 petulantium
963 1818 1004 1861 81
1019 1817 1266 1861 acumine
1280 1817 1464 1873 ingenij
1481 1817 1774 1861 ludentium
1787 1817 2068 1860 hominum
2082 1829 2189 1860 non
2199 1828 2439 1860 moueor.

234 1875 444 1919 Neutris
475 1876 630 1931 igitur
661 1877 927 1920 accenseri
958 1877 1164 1932 poterit.
1201 1877 1311 1921 Nec
1339 1880 1542 1920 temere
1572 1876 1844 1920 affirmare
1873 1876 2156 1931 possumus,
2190 1888 2359 1919 nouas
2388 1877 2442 1918 in

234 1935 470 1979 aetherea
485 1936 708 1991 Regione
722 1936 908 1980 Stellas
929 1936 1101 1980 creari
1121 1936 1388 1980 diuinitus:
1411 1937 1544 1979 Cum
1565 1936 1797 1991 expresse
1817 1936 2068 1990 scriptum
2089 1935 2146 1978 fit
2165 1935 2219 1977 in
2234 1936 2441 1979 Genesi:

232 1993 411 2037 Deum
434 1994 694 2049 quieuiBe
714 1994 942 2050 septimo
963 1995 1068 2039 die.
1097 1997 1157 2039 Et
1177 1996 1413 2051 religiosa
1437 1996 1736 2050 antiquitas,
1765 2007 1831 2038 ne
1857 1995 1961 2038 hoc
1989 1995 2299 2046 affirmaret,
2327 2006 2445 2049 pro-

234 2054 505 2098 nunciauit
516 2055 776 2111 Angelum
796 2055 972 2099 Stellae
993 2055 1163 2110 specie
1182 2055 1474 2110 praeluxisse
1493 2055 1661 2110 Magis
1681 2058 1808 2098 nato
1825 2055 2037 2098 Christo.
2060 2054 2113 2097 Si
2133 2065 2198 2097 ex
2219 2055 2443 2097 elemen-

233 2114 334 2156 tari
360 2114 584 2158 materia
612 2113 834 2159 collecta
858 2115 912 2158 in
938 2115 1145 2158 sublimi
1173 2116 1214 2158 81
1239 2114 1433 2158 uirtute
1461 2114 1672 2157 luminis
1701 2114 1936 2166 aetherei,
1967 2113 2190 2157 fortassis
2215 2113 2376 2168 radijs
2406 2115 2443 2167 21

235 2176 327 2216 aut
344 2174 381 2229 Ω
399 2176 490 2216 aut
505 2174 777 2229 utriusque
790 2175 1060 2218 incensam
1075 2174 1312 2218 exarsisse
1327 2174 1699 2226 asseueramus‚
1714 2176 1971 2229 repugnat
1984 2173 2223 2216 distantia
2238 2185 2270 2215 a
2283 2176 2442 2224 terra,

235 2244 398 2287 quam
419 2233 460 2276 81
480 2233 799 2286 scintillatus‚
821 2234 862 2276 81
882 2234 1167 2277 Parallaxis
1187 2234 1464 2278 ostendunt
1483 2233 1582 2277 0130
1602 2233 1913 2276 maximam.
1942 2234 2002 2275 Et
2022 2233 2057 2275 fi
2079 2233 2233 2287 supra
2254 2232 2442 2276 orbem

235 2292 505 2336 Lunarem
525 2293 703 2337 efferri
723 2294 923 2337 molem
943 2293 1203 2336 halituum
1223 2305 1252 2337 e
1271 2296 1416 2337 terra
1435 2291 1748 2336 educstorum
1773 2293 2078 2343 statuamus,
2105 2295 2220 2335 tota
2246 2294 2444 2334 euerte-

234 2354 321 2394 tur
339 2350 579 2395 doctrina
599 2353 665 2396 de
685 2352 1007 2396 distinctione
1027 2353 1279 2396 aethereae
1300 2352 1538 2408 Regionis
1559 2353 1627 2396 ab
1649 2351 1978 2403 elementari;
2008 2351 2183 2403 Quam
2210 2362 2318 2394 non
2343 2350 2442 2394 0130

237 2423 435 2454 113113111
462 2415 554 2455 aut
579 2412 767 2455 falsam
793 2412 1172 2456 demonstrauit
1197 2411 1519 2467 experientia
1544 2414 1624 2455 tot
1648 2411 1871 2454 millium
1896 2422 2181 2462 annorum;
2210 2421 2335 2453 cum
2354 2410 2442 2452 illa

236 2470 556 2514 mutationes
581 2471 816 2526 perpessa
842 2473 900 2515 fit
925 2473 1117 2523 nullas3
1145 2471 1264 2515 haec
1292 2471 1525 2515 obnoxia
1551 2472 1609 2513 fit
1634 2470 1915 2525 perpetuis,
1942 2480 2182 2524 peneque
2205 2480 2443 2512 momen·

233 2529 418 2573 taneis.

308 2588 410 2632 Hae
428 2589 661 2633 rationes
682 2590 921 2635 animum
941 2601 1123 2633 meum
1139 2589 1192 2632 in
1210 2590 1475 2633 diuersum
1488 2589 1721 2640 trahunt,
1742 2591 1799 2631 ut
1811 2599 1878 2631 ne
1892 2599 2032 2631 nunc
2048 2587 2277 2642 quidem,
2301 2590 2442 2630 ante-

237 2660 401 2702 quam
427 2648 745 2703 deflagrarit‚
772 2649 1084 2692 constituere
1110 2660 1326 2692 mecum
1352 2648 1552 2703 possim‚
1581 2659 1686 2702 quo
1711 2648 1765 2690 in
1790 2658 2014 2690 numero
2036 2647 2344 2690 habendum
2366 2647 2437 2689 fit.

235 2708 451 2761 Propter
475 2708 797 2751 mutationes
821 2711 1004 2752 tamen
1024 2720 1158 2762 quas
1176 2708 1305 2751 facit
1325 2707 1611 2759 euidentes,
1639 2718 1704 2750 00
1724 2707 1898 2761 potius
1918 2706 2128 2757 inclino,
2155 2709 2214 2748 ut
2238 2705 2291 2747 in
2312 2706 2441 2749 orbe

237 2767 546 2810 elementari
565 2767 838 2819 contineri,
860 2779 926 2810 ex
947 2767 1173 2810 materia
1190 2766 1498 2811 elementari
1510 2766 1905 2809 inflammatum
1920 2766 2034 2817 0130,
2057 2766 2098 2808 31
2117 2768 2175 2807 ut
2194 2765 2347 2819 cepit,
2368 2765 2441 2807 ita

237 2825 521 2869 desiturum
542 2826 657 2878 0130,
678 2826 984 2870 existimem.

309 2885 496 2928 Rursus
517 2886 732 2940 quando
752 2886 794 2929 81
813 2884 1182 2940 praedictiones
1201 2885 1289 2941 filij
1313 2885 1411 2928 Dei
1430 2885 1720 2936 considero,
1743 2884 1832 2939 qui
1851 2884 2087 2927 futurum
2106 2882 2439 2934 uaticinatur,

236 2947 294 2987 ut
313 2943 532 2988 uirtutes
552 2945 812 2989 caelorum
832 2947 1166 2996 moueantur,
1188 2945 1230 2987 81
1248 2944 1378 2987 utin
1398 2945 1535 2988 coelo
1557 2944 1806 2999 effulgeat
1825 2944 1866 2986 81
1886 2943 2118 2986 emineat
2138 2943 2335 2997 signum
2350 2942 2438 2997 filij

238 3003 351 3055 Dei,
380 3003 759 3059 ostendantque
779 3004 882 3048 sese
903 3004 1006 3047 alia
1027 3004 1166 3059 signa
1187 3004 1228 3046 81
1246 3004 1679 3047 terriculamenta
1699 3005 1884 3055 σημεῖα
1902 2999 1989 3045 καὶ
2008 2998 2258 3054 φόβητρα,
2284 3002 2441 3055 plane

238 3064 502 3107 concludo
523 3075 738 3107 mecum
759 3063 800 3106 81
822 3063 1075 3107 3000131130
1097 3063 1166 3106 ad
1185 3063 1289 3106 hoc
1315 3063 1579 3107 insolitum
1599 3062 1751 3106 Sidus
1776 3062 1887 3105 uim
1913 3062 2073 3104 aliam
2099 3062 2252 3115 longe
2278 3060 2442 3103 maio-

238 3133 369 3174 rem,
397 3135 561 3176 quam
581 3123 648 3166 ab
671 3123 801 3166 orbe
821 3122 1130 3166 elementari
1151 3125 1243 3165 aut
1261 3122 1518 3166 aethereo:
1542 3123 1583 3164 81
1602 3122 1928 3176 propofitum
1948 3120 2046 3164 esse
2067 3120 2313 3163 diuinitus
2333 3131 2441 3162 non

236 3184 446 3224 tantum
465 3185 537 3234 ut,
560 3182 888 3225 denunciatis
907 3181 1181 3236 postremis
1194 3181 1361 3236 ijsque
1382 3179 1402 3240 ΙΙ
1422 3181 1715 3236 ingentibus
1730 3181 1968 3224 cladibus
1989 3181 2029 3222 81
2050 3179 2441 3222 calamitatibus

237 3241 414 3295 generi
433 3241 689 3293 humano,
716 3244 934 3285 reuocet
953 3239 1148 3285 electos
1168 3240 1237 3283 ad
1256 3240 1642 3295 poenitentiam:
1671 3241 1758 3284 sed
1784 3241 1952 3283 multo
1972 3239 2140 3293 magis
2160 3241 2217 3281 ut
2236 3241 2442 3293 porten-

238 3300 330 3343 dat
350 3300 882 3355 appropinquantem,
903 3300 1013 3344 imo
1033 3299 1311 3343 instantem
1330 3299 1440 3342 iam
1461 3300 1752 3342 aduentum
1771 3299 1859 3354 filij
1880 3298 1978 3342 Dei
1997 3298 2066 3340 ad
2085 3297 2336 3340 iudicium
2358 3309 2442 3340 ex-

238 3362 487 3411 tremum,
508 3360 549 3402 81
570 3359 850 3415 gloriosam
869 3359 1236 3403 liberationem
1256 3359 1442 3402 misere
1462 3357 1674 3402 afflicstae
1694 3359 1953 3402 Ecclefiae.

386 3456 428 3491 ιε
675 3506 682 3512 ·
2120 3442 2440 3493 Enimuero
