2976 4264
214 998 256 1034 10

186 1110 273 1154 537

213 1296 256 1331 15

211 1597 258 1631 20

214 2488 261 2523 35

214 2724 261 2820 Ξ-ι·

215 3081 262 3116 45

217 3376 263 3412 50

686 316 1570 372 PROGYMNASMATUM
1595 317 1911 370 TERTIA
1937 318 2141 371 PARS
2454 320 2511 371 51

306 455 452 499 nima
472 455 584 499 eius
604 455 893 500 sublimitas
914 457 1062 500 simul
1082 456 1274 511 iuncta,
1296 458 1527 503 eundem
1547 458 1700 503 nobis
1719 469 2003 502 numerum
2024 457 2328 510 conficiunt,
2351 470 2512 512 quem

306 526 494 559 omnes
523 515 699 559 Stellae
728 515 870 560 Fixae
900 515 1041 574 (quae
1072 516 1126 560 in
1158 520 1343 572 aperto
1376 518 1491 561 sunt
1522 518 1742 573 semper,
1776 518 1817 561 81
1845 530 2120 572 nunquam
2150 517 2417 575 occidunt)
2446 529 2511 561 ex

305 574 546 618 maxima
572 575 613 618 81
638 574 861 619 minima
886 575 1170 620 Altitudine
1200 578 1494 632 composita
1522 577 1773 629 efficiunt,
1804 577 1954 621 cuius
1982 577 2189 621 numeri
2217 577 2510 629 dimidium,

305 633 668 678 Eleuationem
681 634 803 687 Poli,
827 635 914 678 seu
930 635 1288 680 Latitudinem
1303 636 1539 692 Regionis
1558 636 1699 694 (quae
1713 639 1771 680 ut
1783 636 1928 689 nosti,
1949 639 2159 680 tantum
2179 637 2289 688 situ,
2312 636 2512 691 quanti-

304 696 414 737 tate
441 696 621 737 autem
646 694 773 737 nihil
799 694 1017 739 omnino
1045 695 1313 754 differunt)
1337 699 1594 751 perpetuo
1621 696 1856 740 ostendit.
1887 696 1940 739 Si
1964 707 2094 740 uero
2122 695 2276 740 nobis
2295 695 2513 739 Witten-

306 753 568 808 bergensis
581 753 689 797 Poli
709 754 944 798 Eleuatio
959 754 1169 810 cognita
1183 755 1320 808 esset‚
1342 755 1641 799 differentia
1655 767 1866 810 quoque
1880 755 2015 799 inter
2027 755 2229 799 nostras
2244 756 2285 798 81
2298 755 2512 799 Peuceri

306 812 715 857 Obseruationes
741 813 1018 857 constaret.
1046 814 1149 858 Sed
1175 826 1441 869 ponamus
1466 827 1589 859 eam
1615 815 1714 859 esse
1739 818 1875 870 part.
1901 815 1974 858 51.
2004 814 2128 858 min.
2157 814 2230 867 50,
2261 815 2512 869 quemad-

306 872 530 916 modum
549 872 786 927 Apianus
806 884 945 925 eam,
973 874 1015 916 ἃ
1040 873 1152 928 post
1172 885 1296 917 eum
1317 874 1611 929 Cyprianus
1630 874 1684 917 in
1703 874 2139 930 Ephemeridibus
2163 874 2264 917 suis
2284 874 2511 918 eandem

307 932 597 984 annotauit‚
619 932 705 976 cui
725 933 761 975 fi
782 932 1062 988 adijciatur
1079 932 1319 977 distantia
1339 933 1533 978 Sideris
1553 936 1586 977 a
1605 934 1804 977 uertice
1823 934 2005 991 (quam
2018 934 2278 977 Peucerus
2303 933 2355 976 10
2375 936 2509 988 part.

304 990 333 1034 4
359 991 527 1046 scrup.
555 992 736 1035 uersus
762 991 1183 1047 Septentrionem
1209 993 1261 1036 in
1284 992 1492 1037 Circulo
1512 993 1810 1036 Altitudinis
1837 992 2219 1050 depraehendit)
2248 993 2512 1036 conflatur

306 1050 602 1094 Declinatio
620 1050 813 1094 Sideris
833 1051 1082 1106 propositi
1103 1052 1336 1096 Borealis
1355 1052 1407 1096 61
1432 1055 1566 1108 part.
1588 1052 1646 1096 54
1667 1052 1791 1096 min.
1815 1053 1856 1095 8ι
1877 1053 1944 1096 fic
1965 1052 2100 1096 inter
2119 1052 2352 1096 nostram
2370 1052 2511 1110 (quae

305 1112 364 1153 ut
388 1110 544 1165 supra
570 1110 946 1154 annotauimus
964 1110 1018 1154 61
1042 1114 1176 1166 part.
1198 1111 1256 1154 48
1277 1111 1460 1155 minut.
1482 1115 1693 1167 reperta
1713 1111 1802 1169 est)
1822 1113 1863 1155 81
1884 1110 1905 1173 ΙΙ
1924 1111 2138 1155 Peuceri
2157 1111 2390 1166 priorem
2411 1111 2512 1156 Ob-

305 1169 657 1214 seruationem
677 1169 706 1213 6
726 1170 894 1225 scrup.
917 1170 1214 1214 differentia
1234 1170 1386 1216 foret.
1410 1171 1562 1215 Nunc
1583 1172 1619 1214 si
1640 1171 1919 1214 minimam
1940 1182 2150 1225 quoque
2169 1170 2512 1214 Altitudinem

303 1228 487 1286 (quam
497 1230 757 1273 Peucerus
767 1229 826 1273 23
836 1232 972 1284 part.
984 1229 1042 1273 33
1054 1230 1222 1285 scrup.
1235 1230 1577 1286 Wittebergae
1592 1230 1910 1287 Obseruauit)
1922 1231 2322 1286 Complemento
2335 1231 2514 1274 Eleua-

303 1288 460 1332 tionis
481 1288 849 1341 adiecerimus‚
870 1288 1062 1332 iterum
1080 1289 1503 1333 Declinationem
1518 1291 1794 1334 Borealem
1808 1290 2003 1333 Sideris
2018 1290 2339 1345 colligemus.
2362 1290 2514 1333 Com-

306 1349 635 1403 plementum
654 1359 794 1392 uoco
815 1359 1102 1391 numerum
1122 1348 1542 1404 adimplendum
1556 1349 1937 1401 Quadrantem,
1959 1349 2062 1393 hoc
2084 1349 2154 1393 est
2174 1349 2232 1392 90
2245 1352 2378 1404 part.
2401 1349 2514 1392 reli-

306 1420 487 1462 quum.
502 1408 668 1451 Pofita
681 1407 859 1462 itaque
875 1407 1175 1451 Latitudine
1187 1408 1562 1464 Witebergenfi
1575 1409 1628 1451 51
1647 1412 1781 1463 part.
1797 1408 1856 1452 50
1870 1409 2036 1463 scrup.
2054 1409 2515 1463 Complementum

307 1466 420 1510 eius
445 1467 518 1510 est
542 1466 600 1510 38
619 1469 754 1522 part.
780 1466 834 1510 10
854 1467 1021 1522 scrup.
1045 1479 1166 1521 quae
1187 1468 1222 1510 fi
1242 1467 1481 1512 minimae
1500 1468 1772 1511 Altitudini
1791 1467 2002 1520 Sideris,
2033 1480 2154 1522 quae
2180 1467 2277 1511 fuit
2301 1468 2359 1511 23
2378 1471 2512 1523 part.

306 1527 363 1570 33
384 1526 552 1581 scrup.
575 1526 905 1583 adijeiantur,
928 1526 1194 1582 Colligitur
1208 1527 1504 1571 Declinatio
1526 1527 1701 1571 Stellae
1723 1527 1953 1571 Borealis
1972 1527 2024 1570 61
2049 1530 2182 1582 part.
2204 1527 2262 1570 43
2283 1527 2451 1582 scrup.
2474 1528 2515 1570 81

307 1587 375 1630 sic
404 1587 432 1629 5
461 1585 571 1630 fere
601 1586 769 1641 scrup.
800 1586 920 1630 haec
950 1585 1246 1630 Declinatio
1276 1598 1343 1630 ex
1371 1587 1658 1641 posteriore
1686 1587 1781 1630 ista
1807 1586 2187 1630 Obseruatione
2216 1586 2391 1630 minor
2419 1586 2517 1630 erit

306 1646 499 1698 nostra,
527 1657 652 1689 cum
677 1645 706 1689 6
732 1645 899 1701 scrup.
927 1645 1017 1689 illa
1043 1657 1110 1689 ex
1135 1646 1401 1700 superiore
1426 1646 1640 1690 Peuceri
1666 1645 2046 1690 obseruatione
2072 1646 2247 1689 maior
2272 1645 2514 1689 extiterit.

307 1705 561 1748 Crinitam
584 1705 725 1748 hanc
752 1704 851 1749 esse
871 1705 1105 1757 Stellam,
1134 1717 1298 1760 quam
1319 1705 1494 1749 Graeci
1518 1703 1748 1758 κομήτην
1773 1708 1987 1756 uocant.
2015 1705 2142 1748 nihil
2166 1705 2366 1758 dubito,
2395 1717 2516 1759 quae

306 1764 428 1809 licet
446 1764 606 1808 Stella
631 1776 740 1809 non
765 1765 839 1817 fit,
867 1765 992 1819 quia
1015 1768 1199 1808 tamen
1224 1765 1468 1820 ignescat,
1495 1768 1553 1808 ut
1579 1765 1739 1809 Stella
1764 1764 1884 1808 haec
1912 1766 1952 1808 81
1980 1765 2168 1808 similes
2190 1777 2222 1808 a
2242 1764 2516 1819 plaerifque

307 1825 553 1868 secundae
573 1825 765 1877 Stellae,
787 1837 819 1867 a
838 1825 1074 1868 Pontano
1101 1824 1428 1868 secundariae
1448 1828 1726 1869 uocantur.
1755 1824 2100 1867 Inueniuntur
2125 1824 2212 1878 qui
2238 1824 2342 1867 hoc
2364 1824 2516 1867 Sidus

309 1879 564 1937 μετέωρον
589 1883 688 1928 esse
707 1887 912 1939 negent,
940 1885 981 1927 δι
1007 1884 1145 1927 intra
1170 1883 1422 1928 octauam
1448 1885 1490 1928 82
1515 1884 1797 1939 Sphaeram
1818 1884 1986 1927 Lunae
2016 1884 2182 1936 fitam,
2214 1883 2514 1938 opinentur:

305 1946 489 1987 tamen
515 1943 639 1998 quia
664 1943 791 1987 nihil
817 1943 883 1987 de
909 1943 1021 1987 eius
1047 1943 1290 1987 distantia
1316 1956 1349 1987 a
1375 1943 1539 1988 Terra
1565 1944 1741 1987 adhuc
1769 1943 2028 1998 explorati
2054 1942 2368 1995 habeamus,
2396 1943 2515 1986 haec

308 2014 519 2058 quoque
539 2003 581 2046 δι
601 2003 792 2046 similes
812 2003 1004 2056 Stellae,
1030 2006 1088 2047 ut
1114 2003 1437 2059 experientia
1463 2003 1704 2048 omnium
1729 2006 2037 2058 temporum
2062 2003 2234 2054 docet,
2262 2002 2518 2057 paulatim

306 2062 614 2106 minuantur
638 2063 680 2106 δι
707 2063 1066 2106 absumantur.
1098 2062 1571 2115 Quemadmodum
1597 2063 1759 2106 etiam
1788 2062 1928 2106 hanc
1957 2063 2192 2106 nostram
2221 2061 2327 2105 huc
2357 2061 2518 2115 usque

307 2121 580 2166 manifeste
607 2122 906 2175 decreuisse,
935 2123 976 2165 81
1002 2123 1170 2167 multo
1196 2134 1336 2166 nunc
1363 2122 1644 2175 minorem,
1674 2134 1837 2177 quam
1858 2121 1925 2165 ab
1947 2121 2092 2165 initio
2114 2132 2372 2176 apparere
2397 2132 2518 2164 con-

308 2182 417 2225 stet.
456 2182 718 2225 Praeterea
756 2193 822 2226 ea
860 2181 1023 2225 etiam
1059 2182 1312 2237 Corpora,
1353 2194 1475 2236 quae
1506 2181 1559 2225 in
1590 2182 1850 2226 AEtherea
1882 2182 1923 2224 ἃ
1955 2180 2336 2235 incorruptibili
2367 2182 2517 2235 parte

310 2241 494 2285 Mundi
522 2241 761 2294 existunt,
791 2253 963 2296 neque
993 2241 1188 2297 augeri,
1219 2253 1391 2296 neque
1420 2241 1601 2294 minui,
1632 2242 1802 2285 multo
1832 2240 2007 2284 minus
2037 2240 2255 2292 absumi,
2290 2240 2377 2283 sed
2406 2251 2518 2294 per-

308 2303 468 2355 petuo
488 2300 797 2356 incorrupta
817 2313 1036 2345 manere
1055 2300 1357 2345 uideamus:
1381 2301 1507 2345 Ideo
1528 2302 1570 2344 81
1588 2301 1642 2344 in
1661 2301 1797 2345 Aere
1816 2299 2136 2344 Elementari
2157 2300 2244 2343 seu
2264 2299 2518 2354 corrupti-

309 2359 398 2404 bili
422 2362 574 2415 parte
601 2360 801 2413 Mundi,
828 2360 970 2404 hanc
997 2361 1233 2405 nostram
1260 2371 1471 2415 quoque
1495 2360 1713 2404 Stellam
1738 2359 1823 2418 (de
1850 2372 1956 2414 qua
1982 2359 2274 2414 scribimus)
2299 2358 2517 2401 existere

308 2419 628 2463 iudicamus:
659 2431 889 2475 eamque
916 2419 972 2477 (si
1000 2420 1165 2464 modo
1187 2433 1220 2463 a
1241 2420 1367 2464 Ioue
1395 2420 1665 2463 incensam
1693 2419 1809 2471 esse,
1839 2422 1897 2462 ut
1924 2419 2183 2462 Peucerus
2214 2417 2515 2469 arbitratur,

311 2479 529 2534 constet)
558 2479 648 2522 sub
675 2479 839 2522 finem
865 2479 1057 2523 Mensis
1084 2479 1276 2535 Martij,
1308 2490 1413 2534 quo
1438 2479 1700 2534 Tempore
1730 2480 1768 2533 21
1798 2479 1867 2521 ad
1892 2477 1921 2520 6
1946 2476 2004 2535 {3²
2028 2481 2238 2533 partem
2267 2477 2307 2520 81
2336 2478 2516 2520 locum

311 2538 547 2582 Cometae
572 2542 922 2594 peruenturus
949 2539 1037 2591 est,
1063 2538 1259 2582 iterum
1284 2537 1653 2590 extincsturam,
1679 2539 1765 2581 uel
1791 2538 1937 2581 circa
1962 2536 2118 2580 Diem
2144 2536 2172 2579 3
2190 2536 2398 2591 Aprilis,
2427 2538 2517 2579 aut

310 2597 380 2641 ad
399 2598 669 2641 summum
693 2598 746 2640 17
765 2598 998 2642 eiusdem
1019 2598 1210 2642 Mensis
1228 2597 1384 2641 Diem
1404 2597 1622 2641 omnino
1642 2597 1695 2640 in
1714 2596 1936 2639 nihilum
1957 2596 2286 2647 occasuram,
2309 2594 2517 2650 conijci-

310 2669 445 2701 mus.
468 2657 704 2700 Similem
718 2657 937 2701 Stellam
952 2657 1243 2712 apparuisse
1255 2657 1516 2712 Tempore
1531 2655 1803 2700 Claudiani
1816 2657 1990 2700 Poetae
2004 2655 2058 2698 in
2071 2655 2182 2698 eius
2196 2654 2517 2709 Panegyride

310 2717 363 2760 in
375 2716 404 2759 4
418 2716 756 2760 Consulatum
772 2716 992 2772 Honorij
1008 2717 1221 2772 Augusti
1240 2716 1475 2771 legimus,
1498 2728 1662 2770 quam
1681 2715 1786 2770 ipse
1801 2715 2019 2758 Stellam
2040 2714 2218 2758 medio
2233 2714 2330 2758 Die
2349 2713 2516 2756 uisam

310 2775 425 2827 esse,
447 2776 489 2818 81
508 2775 868 2830 magnitudine
887 2774 1112 2819 Arcturo
1133 2775 1354 2819 similem
1375 2775 1518 2819 fuisse
1539 2775 1629 2819 suo
1651 2774 1896 2818 Carmine
1917 2774 2121 2818 cecinit.
2146 2773 2299 2816 Hanc
2321 2773 2516 2816 multas

310 2834 659 2887 calamitates,
680 2834 995 2879 nominatim
1010 2835 1295 2879 Gothicam
1315 2834 1686 2889 subsequutam
1704 2833 2051 2889 irruptionem
2068 2833 2315 2876 Historiae·
2330 2832 2517 2875 testan-

307 2897 408 2938 tur.
432 2893 609 2946 Quare
629 2893 783 2937 istum
803 2905 1014 2948 quoque
1028 2894 1264 2938 nostrum
1279 2894 1559 2937 Cometam
1574 2893 1704 2937 Orbi
1715 2893 1999 2937 Terrarum
2019 2904 2273 2947 magnum
2294 2892 2335 2934 8ι
2355 2891 2516 2934 fatale

310 2953 507 3008 aliquid
525 2953 843 3008 portendere
862 2953 1054 2997 iudico.
1086 2953 1431 2996 Guilandinus
1453 2952 1671 3007 quidam
1689 2952 2030 3007 Philosophus
2051 2951 2274 2995 eximius
2293 2950 2346 2993 in
2366 2950 2516 2993 Italia

307 3012 787 3070 (quemadmodum
808 3012 1004 3056 Blotius
1018 3012 1185 3056 Fratri
1205 3023 1328 3056 meo
1348 3011 1541 3069 scribit)
1560 3012 1677 3056 illos
1696 3011 1846 3064 ridet,
1870 3011 1958 3066 qui
1978 3011 2199 3066 Corpori
2218 3009 2391 3054 omnis
2412 3010 2517 3052 sen—

311 3072 394 3116 sus
415 3073 456 3115 ἃ
476 3071 695 3116 rationis
721 3072 938 3127 experti,
964 3071 1217 3115 nimirum
1242 3082 1309 3115 ex
1332 3071 1509 3127 pingui
1535 3071 1871 3115 exhalatione
1891 3073 2017 3114 nato
2037 3073 2246 3113 tantum
2264 3069 2514 3119 tribuunt,

310 3134 367 3174 ut
387 3132 457 3175 ad
476 3131 761 3175 mutandas
782 3131 823 3174 ἃ
842 3129 1242 3174 labefacstandas
1261 3142 1346 3174 res
1366 3130 1648 3183 humanas,
1675 3130 1786 3174 uim
1812 3130 2012 3173 habere
2034 3131 2231 3184 putent.
2261 3129 2413 3180 Raro,
2444 3127 2516 3170 in·

311 3190 436 3245 quit,
463 3190 538 3243 fit,
567 3190 692 3245 quin
712 3190 917 3245 singulis
936 3190 1100 3234 Annis
1119 3190 1172 3233 in
1190 3192 1339 3233 tanta
1360 3190 1555 3245 Regum
1577 3191 1618 3233 &
1637 3189 1937 3244 Principum
1956 3187 2303 3239 multitudine,
2332 3187 2515 3230 saltem

310 3262 446 3293 unus
472 3252 564 3293 aut
588 3251 722 3293 alter
746 3249 1020 3294 moriatur.
1049 3249 1187 3301 Quid
1211 3249 1364 3304 igitur
1388 3249 1586 3292 mirum
1612 3250 1647 3292 fi
1672 3249 1761 3293 illo
1788 3249 1951 3292 etiam
1969 3248 2139 3299 Anno,
2168 3258 2273 3301 quo
2294 3246 2515 3290 Cometa

312 3312 549 3364 apparet,
571 3309 713 3352 idem
732 3309 842 3361 fiat,
865 3310 954 3352 διο.
978 3308 1112 3352 Haec
1132 3308 1232 3352 ille.
1254 3308 1456 3351 Verum
1473 3319 1570 3363 ego
1588 3308 1807 3351 minime
1827 3307 2125 3358 ridiculum,
2148 3306 2235 3349 sed
2253 3305 2515 3348 funestum

312 3368 411 3412 esse
430 3368 601 3421 nimis,
630 3368 877 3413 omnibus
898 3368 1088 3423 quibus
1108 3367 1537 3423 conspiciendum
1564 3367 1614 3411 se
1640 3367 1860 3423 praebet,
1888 3366 1991 3410 hoc
2020 3366 2295 3416 ostentum,
2322 3364 2513 3415 iudico,

478 3465 523 3501 7·
2395 3463 2514 3512 quo
