2976 4264
862 335 1554 390 ANNOTATIONES
1581 335 1984 390 EDITORIS
2421 337 2526 390 409

323 472 471 526 logus
492 471 767 516 continens
788 475 1027 517 omnium
1041 476 1314 519 stellarum
1329 476 1842 520 duodecatemorum
1857 488 1979 531 quae
1994 476 2268 520 observari
2282 480 2526 532 poterant

322 542 673 587 Ascensiones
698 548 874 588 rectas
900 548 951 588 et
977 546 1370 599 declinationes,
1398 547 1624 602 indeque
1650 559 1835 591 earum
1861 548 2208 603 longitudines
2231 552 2282 592 et
2305 549 2527 592 latitudi-

323 625 432 666 nes,
456 626 576 668 quae
595 615 748 659 Anno
774 615 886 659 1589
905 616 991 660 hic
1014 617 1331 674 Uraniburgi
1350 618 1403 661 in
1424 619 1791 663 observatorio
1811 619 2158 664 subterraneo
2179 619 2383 663 caelitus
2402 620 2527 664 fide-

322 685 439 728 liter
458 685 716 729 dimensae
735 690 900 730 sunt«.
924 687 1166 732 Continet
1185 688 1270 732 hic
1288 690 1466 733 stellas
1481 690 1698 734 omnino
1712 689 1816 742 296,
1839 702 1964 734 cum
1979 691 2120 745 apud
2134 691 2424 734 Zodiacum
2438 691 2526 735 306

323 756 608 800 exhibeant
618 756 1115 812 progymnasmata
1126 761 1155 802 ¹.
1174 760 1243 803 Ut
1259 761 1532 815 quomodo
1546 761 1809 804 institutus
1823 761 1903 814 sit,
1919 762 2282 817 perspiciatur,
2298 763 2527 817 exemph

323 838 488 871 causa
509 827 799 881 afferimus,
822 841 943 883 quae
963 830 1029 873 de
1048 831 1221 885 prima
1242 833 1391 875 stella
1409 831 1566 875 Tauri
1584 831 1902 876 indicantur:

385 922 583 965 »Prima
603 926 655 966 et
674 925 926 978 suprema
945 924 998 968 in
1016 925 1387 970 intersectione
1407 926 1780 981 magnitudinis
1799 928 1871 970 5.ae

820 995 980 1039 distat
999 996 1066 1040 ab
1087 997 1356 1041 Aldebora
1716 997 1770 1041 16
1860 997 1912 1044 8³}

820 1066 1075 1111 Ascensio
1095 1070 1244 1111 recta
1264 1068 1331 1112 ab
1351 1068 1535 1112 Aldeb.
1711 1068 1768 1112 47
1859 1069 1887 1111 2
1972 1069 2030 1112 46

819 1137 1108 1182 Viceversa
1129 1151 1161 1182 a
1180 1139 1357 1182 lucida
1375 1144 1436 1192 V
1710 1139 1768 1183 47
1859 1140 1888 1182 4
1976 1140 2030 1183 14

820 1220 961 1264 Vera
980 1221 1235 1265 Ascensio
1257 1223 1416 1265 Recta
1710 1222 1768 1266 47
1859 1223 1912 1269 3}

822 1292 1118 1336 Declinatio
1139 1293 1306 1337 borea
1715 1293 1763 1336 11
1829 1293 1888 1336 29

1141 1364 1437 1419 Longitudo
1623 1411 1626 1414 ,
1717 1364 1769 1407 17
1830 1364 1888 1408 50
1909 1364 1965 1422 ξς

1143 1435 1391 1478 Latitudo
1740 1436 1768 1478 5
1828 1437 1886 1478 57
1905 1436 2079 1480 Aust.«

322 1540 603 1583 Stellarum
622 1543 804 1583 tamen
824 1540 969 1584 haud
988 1553 1286 1595 paucarum
1305 1553 1412 1584 una
1431 1542 1547 1585 sola
1566 1542 1770 1586 ratione
1791 1543 2031 1587 ascensio
2052 1546 2199 1586 recta
2215 1543 2525 1599 investigata

322 1614 414 1654 est.
440 1611 577 1654 Nihil
597 1611 793 1655 horum
812 1612 1078 1666 Tychonis
1098 1625 1263 1656 manu
1282 1613 1538 1667 scriptum
1559 1616 1652 1656 est.

379 1683 527 1726 Alter
552 1683 826 1738 catalogus
857 1683 1098 1738 alligatus
1127 1687 1207 1727 est
1231 1683 1487 1727 volumini
1517 1683 1952 1727 observationum
1981 1696 2244 1728 annorum
2277 1685 2523 1739 1596—97‚

322 1766 455 1808 quas
467 1753 701 1798 continet
713 1754 830 1798 cod.
843 1754 1161 1798 Hauniensis
1169 1755 1286 1797 Ant.
1299 1756 1417 1798 coll.
1429 1755 1546 1810 Reg.
1558 1754 1646 1798 316
1657 1755 1710 1798 in
1720 1755 1809 1799 fol.
1817 1788 1827 1807 ‚
1842 1768 1874 1799 a
1885 1755 2037 1799 nobis
2047 1756 2092 1799 G
2101 1763 2341 1800 vocatus.
2357 1757 2525 1813 Hujus

319 1825 500 1868 titulus
519 1826 664 1869 solus
683 1825 949 1880 Tychonis
969 1838 1134 1869 manu
1153 1825 1378 1880 scriptus
1398 1828 1496 1869 est:
1523 1826 1831 1869 »Stellarum
1853 1827 2186 1881 quarundam
2207 1828 2327 1871 Asc.
2350 1829 2524 1872 Rectae

322 1896 713 1940 Declinationes
746 1897 1121 1952 Longitudines
1153 1897 1525 1949 Latitudines«,
1563 1897 1764 1940 addidit
1796 1901 1976 1941 autem
2006 1910 2168 1952 supra
2199 1900 2522 1955 catalogum:

325 1968 431 2010 »Ad
446 1968 658 2011 Annum
677 1968 735 2011 88
755 1970 1097 2023 completum.
1118 1968 1188 2011 Vt
1206 1969 1494 2011 reducatur
1507 1968 1802 2023 Longitudo
1824 1969 2063 2013 omnium
2085 1970 2154 2012 ad
2172 1969 2378 2013 initium
2390 1972 2526 2014 Anni

321 2038 379 2081 86
405 2039 688 2082 demantur
712 2039 925 2095 singulis
950 2040 1076 2086 2¹4«.
1105 2041 1181 2082 Ex
1203 2039 1307 2083 hoc
1329 2040 1572 2094 catalogo
1598 2040 1825 2094 perspici
1851 2052 1958 2084 non
1980 2043 2168 2095 potest,
2198 2053 2302 2095 qua
2322 2042 2525 2086 ratione

320 2110 550 2154 inventae
576 2111 678 2154 sint
703 2111 1043 2155 ascensiones
1069 2114 1248 2163 rectae,
1281 2122 1344 2154 ac
1371 2122 1525 2165 paene
1551 2111 1792 2155 omnium
1817 2113 2091 2155 stellarum
2117 2112 2378 2156 Draconis
2405 2113 2526 2156 alia-

320 2194 547 2236 rumque
573 2183 911 2237 quarundam
938 2182 1409 2237 circumpolarium
1434 2193 1606 2236 neque
1633 2183 1970 2226 ascensiones
1996 2186 2159 2226 rectae
2182 2195 2352 2237 neque
2373 2184 2527 2227 decli-

319 2253 561 2297 nationes
586 2253 835 2297 indicatae
861 2257 996 2297 sunt.
1025 2254 1308 2297 Stellarum
1335 2254 1478 2308 apud
1497 2254 1788 2297 Zodiacum
1813 2254 2035 2297 sitarum
2061 2255 2197 2307 loca,
2224 2255 2269 2297 si
2291 2255 2523 2309 excipias

318 2336 520 2379 paucas
550 2325 813 2379 quasdam
843 2328 1002 2380 atque
1032 2325 1246 2380 exiguas
1275 2324 1673 2379 discrepantias,
1704 2325 1895 2368 eadem
1920 2328 2056 2378 sunt,
2086 2338 2206 2380 quae
2234 2325 2286 2367 in
2313 2327 2430 2369 cod.
2452 2326 2520 2368 V¹

320 2395 628 2439 afferuntur.
651 2396 781 2439 Sunt
801 2399 981 2439 autem
1000 2396 1103 2449 723,
1126 2408 1353 2450 quarum
1373 2395 1455 2438 301
1476 2395 1529 2438 in
1543 2396 1791 2449 Zodiaco,
1813 2396 1900 2439 295
1921 2397 1974 2439 in
1993 2395 2387 2451 septentrionali
2405 2397 2523 2440 caeli

317 2470 484 2521 parte,
510 2467 593 2510 127
613 2467 667 2510 in
685 2467 1032 2511 meridionali.

377 2538 430 2580 Si
456 2539 760 2593 catalogum
786 2538 1083 2593 perfectum
1108 2549 1506 2592 comparamus,
1527 2538 1934 2593 longitudinibus
1953 2538 2191 2592 priorum
2211 2537 2437 2590 illorum,
2464 2541 2522 2580 ut

318 2609 386 2652 ab
414 2621 554 2653 anno
588 2609 737 2653 1589.0
764 2610 832 2652 ad
859 2622 1058 2652 annum
1085 2609 1234 2652 1601.ο
1254 2621 1345 2652 eas
1365 2608 1641 2663 proferret,
1674 2609 1748 2652 10¹
1769 2609 2079 2664 Tychonem
2100 2608 2363 2652 addidisse
2382 2608 2522 2652 vide-

317 2692 452 2732 mus,
481 2681 578 2723 etsi
596 2680 791 2724 rectius
813 2681 1099 2724 addidisset
1122 2680 1198 2723 10⁴
1224 2680 1336 2731 12¹⁴,
1365 2679 1617 2733 quoniam
1637 2691 1923 2723 numerum
1943 2683 2277 2724 constantem
2297 2691 2522 2734 praeces-

317 2751 478 2794 sionis
497 2752 712 2795 volebat
732 2763 848 2795 esse
867 2751 920 2794 51
936 2754 966 2776 “
987 2751 1109 2808 (vid.
1130 2751 1315 2794 tabula
1334 2762 1495 2805 supra
1514 2763 1564 2805 p.
1586 2750 1673 2794 343
1694 2754 1745 2794 et
1763 2754 1893 2794 torn.
1917 2751 1962 2793 11
1984 2763 2032 2805 p.
2054 2751 2216 2807 255‚4).

377 2822 620 2866 Graviter
651 2823 940 2866 dolendum
973 2825 1066 2874 est,
1101 2822 1245 2876 quod
1276 2821 1402 2863 nihil
1434 2821 1545 2865 fere
1577 2822 1729 2865 nobis
1760 2822 2002 2865 relictum
2031 2825 2125 2874 est,
2159 2833 2264 2876 quo
2294 2822 2520 2876 perspici

315 2893 496 2948 possit,
527 2906 632 2949 qua
658 2894 863 2937 ratione
890 2894 1194 2948 catalogum
1220 2904 1377 2936 suum
1401 2892 1441 2934 T
1442 2893 1585 2946 ycho
1613 2892 1916 2937 confecerit.
1947 2893 2059 2936 Nec
2084 2896 2265 2936 tamen
2293 2892 2520 2935 dubitari

315 2967 504 3019 potest,
532 2965 657 3019 quin
683 2975 790 3007 non
818 2975 1020 3015 omnes,
1049 2975 1181 3018 quas
1207 2963 1461 3018 cujusque
1488 2964 1655 3006 stellae
1682 2964 2081 3007 observationes
2103 2963 2422 3014 instituisset,
2450 2963 2519 3005 ad

316 3037 619 3090 catalogum
640 3035 1027 3079 elaborandum
1047 3034 1360 3086 adhibuerit,
1382 3035 1476 3077 sed
1490 3047 1654 3078 unam
1668 3047 1855 3078 earum
1869 3036 1953 3078 vel
1968 3036 2101 3078 duas
2116 3034 2341 3089 elegerit,
2363 3045 2393 3076 e
2413 3034 2519 3087 qui-

315 3107 413 3150 bus
433 3107 600 3150 stellae
619 3107 800 3150 locum
821 3105 1038 3150 calculis
1058 3105 1352 3148 invenerit2.
1382 3105 1501 3149 Hoc
1521 3117 1650 3150 vero
1672 3105 1816 3150 facto
1836 3106 1963 3148 nihil
1984 3105 2210 3160 amplius
2232 3116 2411 3158 operae
2432 3104 2519 3147 da-

313 3180 429 3219 tum
449 3189 565 3220 esse
585 3177 807 3229 videtur,
834 3180 892 3220 ut
918 3177 1249 3220 calculorum
1275 3176 1410 3220 ratio
1431 3188 1560 3220 vera
1581 3188 1697 3220 esse
1717 3180 1809 3220 aut
1827 3178 1976 3220 locus
1996 3177 2239 3219 inventus
2259 3186 2384 3219 cum
2405 3175 2518 3218 aliis

375 3285 386 3309 ¹
410 3284 493 3321 Hic
513 3284 627 3320 enim
648 3284 799 3320 additae
820 3287 919 3320 sunt
937 3285 959 3319 4
980 3283 1024 3320 in
1044 3283 1191 3324 Ariete,
1211 3284 1234 3319 3
1253 3283 1298 3319 in
1318 3283 1515 3328 Aquario,
1534 3285 1557 3320 3
1577 3284 1621 3320 in
1643 3284 1843 3321 Piscibus.

372 3344 389 3369 ²
411 3343 568 3379 Eadem
594 3354 765 3388 prorsus
791 3343 952 3380 ratione
978 3346 1147 3380 centum
1173 3342 1298 3379 annis
1323 3346 1417 3387 post
1439 3342 1522 3388 egit
1541 3343 1790 3384 Flamsteed;
1818 3343 1867 3380 cf.
1889 3342 2020 3388 Baily,
2046 3343 2241 3378 Account
2258 3342 2309 3377 οἰ
2322 3342 2391 3377 the
2410 3342 2517 3376 Rev.

305 3403 417 3447 Jolm
439 3403 682 3438 Flamsteed
702 3402 901 3445 (Londini
924 3403 1030 3445 1835)
1051 3413 1089 3446 p.
1110 3402 1191 3438 376.

455 3474 501 3509 52
