2976 4264
497 303 602 355 408
1037 293 1729 350 ANNOTATIONES
1756 291 2160 345 EDITORIS

498 441 692 494 scripta
713 451 891 481 rerum
913 438 1246 492 publicarum
1267 435 1562 478 rectoribus
1583 432 1802 485 aliisque
1823 444 2033 486 magnae
2051 431 2380 474 auctoritatis
2396 431 2700 474 hominibus

498 512 651 561 misit,
676 521 902 563 quorum
924 508 1118 550 auxilio
1134 507 1306 549 Dania
1321 506 1505 549 relicta
1519 516 1719 547 novam
1734 503 1918 545 sedem
1933 514 2049 545 sese
2064 502 2381 556 adepturum
2396 514 2512 545 esse
2526 514 2701 557 spera-

499 584 589 626 bat
608 581 692 638 (cf.
715 584 843 622 tom.
868 580 888 621 1
909 591 957 633 p.
980 578 1177 635 XLVI).

556 652 700 695 Prior
719 652 802 693 ille
824 651 1095 704 catalogus
1117 662 1162 691 a.
1192 648 1303 690 1592
1325 647 1599 690 absolutus
1620 656 1735 688 esse
1755 644 1983 695 videtur;
2006 644 2110 686 hoc
2132 644 2274 687 enim
2290 656 2429 687 anno
2445 644 2703 698 Progym-

498 723 808 766 nasmatum
838 721 969 763 liber
995 732 1148 774 paene
1174 722 1317 762 totus
1344 719 1649 761 elaboratus
1676 719 1804 759 erat.
1835 715 2019 769 Neque
2043 718 2228 757 tamen
2249 727 2436 758 omnes
2457 715 2703 758 observa-

497 787 681 844 tiones,
705 804 836 846 quas
858 794 979 834 ante
998 791 1125 833 illud
1145 794 1355 844 tempus
1371 789 1554 843 Tycho
1575 787 1886 837 instituerat,
1911 786 1979 828 ad
1999 786 2140 828 hunc
2163 787 2466 842 catalogum
2487 786 2704 828 adhibu-

499 868 626 908 erat.
650 863 832 906 Paucis
853 862 1040 905 deinde
1061 861 1305 904 noctibus
1328 871 1592 902 annorum
1616 857 1744 909 1593,
1771 856 1899 908 1594,
1926 856 2038 899 1595
2054 868 2117 899 ac
2134 856 2403 899 mensibus
2418 857 2702 900 Februario

499 940 550 979 et
568 935 759 977 Martio
782 946 828 976 a.
850 933 977 985 1597,
1000 933 1310 987 priusquam
1333 931 1580 974 Hvenam
1602 929 1825 983 reliquit,
1847 929 2026 971 stellas
2045 928 2182 970 fixas
2203 939 2266 970 eo
2288 927 2507 971 consilio
2529 928 2705 972 obser-

498 1007 702 1050 vandas
724 1004 944 1056 curavit,
967 1008 1024 1047 ut
1041 1004 1183 1046 mille
1197 1004 1470 1045 stellarum
1485 1013 1768 1044 numerum
1783 1000 2031 1053 expleret.
2054 1000 2129 1040 Ex
2142 998 2240 1041 illis
2255 999 2432 1050 stellis,
2455 1011 2576 1053 quae
2589 1002 2704 1041 tum

500 1078 694 1121 additae
715 1079 850 1127 sunt,
872 1077 1141 1130 pleraeque
1162 1077 1282 1117 sunt
1299 1073 1625 1123 »informes«,
1647 1072 1678 1115 i.
1696 1083 1739 1114 e.
1757 1074 1909 1113 extra
1922 1070 2056 1113 fines
2070 1069 2533 1113 constellationum
2547 1071 2704 1124 vulgo

501 1151 750 1202 acceptos
766 1147 968 1202 positae,
986 1149 1145 1200 atque
1161 1156 1347 1188 omnes
1361 1155 1515 1199 paene
1529 1143 1763 1186 minores
1779 1154 1941 1196 quam
1952 1141 2122 1184 tertiae
2134 1140 2521 1195 magnitudinis,
2537 1141 2704 1184 immo

499 1220 672 1274 major
692 1218 905 1272 quidem
933 1229 1056 1272 pars
1077 1215 1451 1271 magnitudinis
1473 1214 1669 1269 quintae
1690 1214 1773 1256 vel
1794 1216 1982 1264 sextae3
2013 1211 2353 1267 paucissimae
2380 1215 2560 1255 autem
2585 1214 2707 1254 sunt

499 1292 552 1334 in
585 1289 1072 1334 constellationibus
1105 1288 1247 1342 apud
1279 1287 1569 1330 Zodiacum
1601 1285 1728 1328 sitis.
1762 1284 1971 1327 Additae
2004 1285 2124 1326 sunt
2157 1283 2226 1325 ad
2257 1283 2421 1326 finem
2453 1283 2706 1338 cujusque

501 1360 914 1406 constellationis
935 1362 1054 1414 post
1074 1360 1270 1410 stellas,
1294 1370 1426 1412 quas
1446 1357 1651 1412 praebet
1671 1355 2225 1408 Progymnasmatum
2250 1355 2537 1409 catalogus.
2560 1353 2704 1405 Sunt,

502 1445 622 1487 quae
642 1433 786 1475 haud
806 1431 960 1474 facile
982 1443 1013 1473 a
1033 1430 1185 1473 nobis
1207 1431 1578 1484 agnoscantur,
1602 1427 1725 1481 quia
1739 1425 1915 1468 verbis
1930 1438 2122 1480 parum
2137 1425 2293 1468 claris
2307 1425 2555 1468 indicatae
2569 1427 2705 1477 sunt,

501 1516 670 1558 neque
692 1503 882 1546 eadem
904 1501 1166 1557 diligentia
1187 1502 1309 1544 loca
1329 1511 1517 1543 earum
1536 1497 1784 1552 inquisita
1804 1499 1939 1546 sunt,
1963 1509 2127 1550 quam
2142 1497 2211 1539 ad
2225 1497 2504 1551 plerasque
2519 1495 2708 1550 prioris

503 1574 728 1629 catalogi
753 1575 930 1617 stellas
949 1574 988 1615 T
990 1573 1133 1628 ycho
1161 1571 1490 1614 adhibuerat.
1520 1570 1639 1613 Hoc
1663 1569 1929 1611 interdum
1956 1579 2021 1611 eo
2048 1567 2251 1610 factum
2278 1570 2372 1619 est,
2403 1567 2546 1622 quod
2572 1565 2709 1610 festi-

503 1649 690 1689 nanter
718 1645 967 1688 institutae
997 1647 1148 1687 erant
1178 1642 1579 1687 observationes
1613 1640 1708 1683 »ad
1738 1639 2118 1694 complendum
2147 1639 2547 1690 millenarium«,
2578 1650 2710 1693 prae-

504 1718 655 1772 cipue
684 1720 867 1759 tamen
897 1716 1040 1770 quod
1068 1718 1284 1770 propter
1312 1714 1506 1756 harum
1536 1712 1808 1755 stellarum
1839 1710 2163 1754 debilitatem
2195 1709 2621 1765 pinnacidiorum
2649 1709 2711 1751 ri-

504 1790 677 1831 mulas
697 1787 864 1842 magis
887 1787 1091 1842 aperire
1114 1788 1436 1840 oportuerat,
1466 1796 1630 1838 quam
1649 1785 1707 1825 ut
1727 1785 1874 1825 certa
1895 1781 2198 1825 observatio
2222 1780 2495 1836 impetrari
2514 1782 2708 1835 posset.

564 1860 616 1902 Si
643 1859 947 1914 quaerimus,
976 1870 1139 1912 quam
1165 1858 1300 1901 bene
1327 1858 1447 1900 loca
1473 1856 1746 1898 stellarum
1771 1853 1826 1895 in
1852 1854 2096 1908 catalogo
2124 1853 2357 1896 exhibita
2384 1864 2509 1895 cum
2531 1863 2710 1894 rerum

505 1931 726 1974 veritate
748 1932 1054 1984 congruant,
1083 1928 1135 1971 in
1163 1928 1275 1971 aliis
1297 1927 1415 1971 caeli
1434 1926 1671 1981 partibus
1691 1925 1875 1979 magis,
1902 1924 1955 1967 in
1982 1924 2095 1967 aliis
2115 1924 2289 1967 minus
2310 1934 2617 1978 congruere,
2646 1934 2709 1965 ac

506 2003 777 2045 stellarum
800 2012 1010 2055 quoque
1031 2000 1330 2043 claritatem
1347 1999 1657 2042 nonnullam
1672 1997 1741 2039 ad
1755 1995 2042 2050 positiones
2058 1998 2245 2039 exacte
2260 1995 2587 2038 definiendas
2601 1993 2711 2037 vim

506 2073 756 2117 habuisse
784 2071 1214 2126 respondendum
1244 2073 1336 2114 est.
1373 2069 1603 2112 Omnino
1633 2071 1690 2110 ut
1720 2078 1946 2121 quaeque
1975 2068 2126 2110 stella
2155 2066 2451 2110 clarissima
2480 2068 2609 2117 erat,
2639 2065 2712 2108 ita

507 2157 721 2188 summa
753 2143 1015 2198 diligentia
1047 2144 1196 2186 locus
1229 2142 1340 2197 ejus
1373 2139 1760 2184 observabatur
1793 2141 1843 2182 et
1875 2139 1943 2181 ad
1972 2139 2208 2182 calculos
2237 2138 2556 2189 vocabatur;
2592 2149 2712 2191 quae

509 2219 689 2259 autem
709 2214 1000 2258 clarissime
1021 2214 1232 2269 fulgent,
1255 2225 1440 2256 earum
1462 2210 1750 2266 positiones
1771 2209 1859 2253 vix
1884 2210 1928 2252 l‘
1950 2211 2034 2253 vel
2054 2210 2105 2252 2‘
2126 2210 2455 2264 plerumque,
2484 2219 2548 2251 ac
2568 2219 2712 2262 saepe

509 2288 669 2331 etiam
700 2287 888 2337 minus,
920 2286 987 2328 ab
1017 2285 1094 2337 iis,
1127 2297 1259 2339 quas
1289 2282 1666 2326 Flamsteedius
1696 2281 1853 2333 dedit,
1885 2281 2149 2324 differunt.
2182 2281 2353 2324 Facile
2383 2280 2545 2323 etiam
2570 2279 2715 2322 intel-

508 2358 706 2413 legitur,
735 2369 826 2400 eas
854 2356 1279 2400 constellationes
1305 2354 1624 2405 zodiacales‚
1654 2364 1775 2407 quae
1800 2352 2036 2395 maxime
2062 2352 2131 2395 ad
2156 2351 2434 2395 meridiem
2454 2353 2712 2406 spectant,

509 2442 760 2484 magnam
773 2428 1064 2483 praebuisse
1079 2427 1469 2477 difficultatem3
1486 2428 1674 2468 aestate
1689 2424 1831 2467 enim
1846 2426 1897 2467 et
1911 2423 2127 2477 quidem
2141 2423 2193 2466 in
2206 2422 2428 2465 minima
2443 2421 2714 2465 altitudine

511 2500 861 2544 observandae
888 2499 974 2542 hae
1001 2502 1165 2541 erant.
1197 2498 1306 2541 Nos
1331 2499 1452 2540 loca
1481 2509 1512 2539 a
1534 2496 1787 2551 Tychone
1813 2495 2038 2550 praebita
2064 2506 2190 2538 cum
2216 2493 2550 2537 Flamsteedii
2574 2496 2715 2536 cata-

510 2574 631 2627 logo
651 2571 986 2622 contulimus,
1014 2573 1086 2621 ut,
1109 2570 1151 2612 si
1172 2569 1307 2612 forte
1330 2567 1523 2611 alicubi
1544 2570 1759 2622 propter
1779 2566 1906 2608 vitia
1928 2565 2364 2609 observationum
2384 2565 2468 2608 vel
2489 2565 2715 2608 calculo-

511 2656 629 2686 rum
644 2643 697 2685 in
711 2643 982 2685 stellarum
997 2641 1128 2684 locis
1141 2628 1424 2683 afferendis
1437 2638 1666 2694 graviter
1677 2637 1960 2681 erravisset
1970 2637 2170 2691 Tycho,
2188 2636 2529 2680 manifestum
2541 2635 2712 2686 fieret;

510 2715 613 2757 hac
630 2717 806 2756 autem
822 2712 1026 2755 ratione
1041 2723 1148 2755 non
1161 2722 1363 2766 paucos
1379 2721 1586 2754 errores
1601 2708 2061 2763 deprehendimus.
2086 2708 2157 2752 Ut
2171 2720 2298 2752 vero
2315 2719 2507 2751 causas
2521 2707 2715 2750 horum

508 2785 959 2839 investigaremus,
983 2786 1076 2834 est,
1098 2783 1188 2826 ubi
1207 2794 1461 2837 magnum
1481 2780 1634 2824 nobis
1654 2779 1947 2823 subsidium
1966 2779 2179 2822 tulerint
2195 2779 2300 2823 duo
2317 2778 2543 2833 catalogi
2558 2780 2715 2820 antea

510 2855 913 2910 praeparationis
935 2866 1098 2897 causa
1119 2853 1260 2905 facti,
1285 2853 1372 2907 qui
1392 2852 1491 2896 soli
1509 2852 1621 2895 fere
1642 2863 1781 2894 nunc
1803 2853 2005 2894 restant
2018 2862 2085 2893 ex
2100 2850 2346 2893 omnibus
2359 2849 2459 2892 illis
2472 2849 2716 2892 lucubra-

509 2927 737 2971 tionibus
758 2927 841 2969 vel
862 2924 1372 2976 adumbrationibus,
1395 2923 1583 2978 quibus
1605 2923 1909 2977 catalogum
1929 2934 2085 2965 suum
2104 2921 2288 2975 Tycho
2309 2920 2599 2964 exstruxit.1

569 2999 711 3041 Prior
731 2998 925 3041 horum
951 2996 1087 3053 (cod.
1103 2994 1528 3038 Vindobonensis
1547 2996 1635 3037 lat.
1663 2993 1820 3043 10709,
1851 3006 1883 3036 a
1908 2993 2060 3036 nobis
2080 2993 2148 3035 V¹
2171 2992 2414 3048 vocatus)
2439 2994 2518 3035 est
2542 2991 2718 3033 »Cata-

573 3072 582 3095 ¹
601 3070 716 3105 Bello
732 3081 765 3105 a.
785 3070 873 3104 1914
888 3071 1025 3104 exorto
1039 3066 1227 3112 impediti
1242 3078 1404 3107 sumus,
1425 3077 1509 3112 quo
1524 3066 1666 3102 minus
1682 3076 1882 3111 magnam
1897 3064 2112 3110 Tychonis
2127 3064 2364 3101 chartarum
2380 3064 2548 3104 molem,
2563 3074 2658 3108 quae
2673 3062 2717 3098 in

513 3129 770 3164 Bibliotheca
785 3129 977 3164 Caesarea
990 3125 1312 3163 Vindobonensi
1334 3128 1581 3166 asservatur,
1601 3125 1776 3161 ulterius
1797 3124 2144 3160 examinaremus.
2169 3123 2254 3159 Etsi
2275 3134 2362 3159 non
2377 3133 2548 3167 prorsus
2563 3133 2717 3167 negare

513 3189 731 3229 audemus,
750 3187 815 3223 vix
834 3190 975 3222 tamen
997 3185 1219 3226 credimus,
1240 3184 1344 3220 inter
1365 3184 1531 3221 codices
1547 3185 1739 3220 nondum
1755 3195 1779 3219 a
1794 3183 1917 3219 nobis
1932 3182 2189 3219 examinatos
2204 3182 2341 3218 ullum
2356 3193 2460 3223 esse,
2481 3180 2554 3227 qui
2569 3181 2622 3217 ad
2636 3181 2718 3217 hoc

513 3249 806 3291 argumentum
822 3246 1001 3286 attineat,
1016 3245 1130 3290 quod
1144 3255 1258 3280 nunc
1272 3246 1509 3284 tractamus,
1524 3246 1670 3288 praeter
1685 3243 1824 3279 solum
1840 3243 1930 3278 cod.
1944 3241 2320 3278 Vindobonensem
2341 3241 2455 3277 10689
2462 3241 2507 3282 ³4,
2523 3240 2595 3286 qui
2610 3242 2717 3276 cata-

512 3306 657 3351 logum
679 3305 862 3341 continet
882 3305 1096 3341 stellarum
1119 3315 1153 3339 a.
1173 3304 1357 3339 1595-96
1376 3303 1708 3343 observatarum;
1729 3303 1846 3338 hunc
1864 3312 1962 3337 vero
1981 3302 2145 3337 favente
2167 3301 2258 3337 Deo
2278 3303 2422 3345 postea
2435 3300 2522 3336 fore
2537 3302 2581 3335 ut
2595 3298 2718 3335 nobis

514 3364 750 3400 examinare
769 3364 891 3400 liceat
911 3374 1143 3408 speramus.
1702 3364 1706 3367 “
