2976 4264
448 316 540 368 160
953 310 1561 363 ASTRONOMIAE
1588 309 2153 364 INSTAURATAE

450 456 631 497 saltem
653 452 796 495 circa
815 452 966 493 Polos
987 449 1172 492 mundi
1184 449 1392 492 incedit.
1416 449 1571 501 Quod
1587 451 1749 494 etiam
1764 452 1867 494 fine
1883 451 2057 493 cauda
2072 453 2343 505 appareat,
2364 450 2469 494 hoc
2483 450 2652 505 ipsum

449 511 705 557 altitudini
725 522 791 554 ex
811 513 976 564 parte,
1005 509 1246 552 lubenter
1272 509 1605 552 ascriberem.
1635 511 1710 553 Ex
1735 509 2162 565 praememoratis
2182 509 2385 562 caussis,
2414 510 2651 554 existimo

449 574 587 615 hanc
609 571 825 613 Stellam
844 569 1001 611 ualde
1022 569 1125 611 alte
1145 567 1197 610 in
1212 567 1470 611 AEtherea
1491 569 1715 624 Regione
1736 570 2027 613 consistere.
2051 568 2207 620 Quod
2228 571 2409 612 autem
2429 569 2653 613 dixerim

448 633 587 674 hanc
610 630 823 672 Nouam
843 628 1060 670 Stellam
1075 628 1355 670 Cometam
1375 627 1489 679 eBe,
1513 631 1671 682 atque
1690 629 1744 671 in
1757 629 2017 672 AEtherea
2037 628 2261 683 Regione
2280 628 2493 681 uersari,
2515 628 2568 671 in
2588 640 2652 672 eo

447 689 646 744 Phyfici
667 689 707 730 81
726 686 1036 730 Aristotelici
1060 686 1190 728 mihi
1215 698 1324 730 non
1344 686 1777 740 astipulabuntur,
1806 700 1930 731 cum
1956 687 2082 730 nihil
2109 688 2263 741 supra
2285 688 2495 730 Lunam
2514 688 2663 742 posse-
2704 695 2726 730 5

449 753 630 793 extare
648 748 752 790 fiue
771 757 1044 800 apparere,
1068 746 1210 800 quod
1223 746 1400 789 rursus
1415 744 1435 804 ΙΙ
1451 746 1744 800 aboleatur,
1768 748 2100 790 arbitrentur.
2124 747 2310 790 Incidit
2323 747 2500 801 itaque
2516 759 2655 801 quae-
2686 746 2774 789 646

450 809 556 859 stio,
579 807 703 861 quid
722 805 934 860 proprie
956 806 1192 848 Cometae
1213 805 1322 848 fint.
1350 806 1531 848 Postea
1552 819 1621 849 an
1639 807 1692 849 in
1713 807 1937 850 AEthere
1959 810 2252 861 appareant
2272 807 2313 849 δι
2333 806 2432 850 esse
2452 806 2652 860 possint,

448 867 602 911 facile
632 866 821 909 exinde
849 864 1061 919 intelligi
1088 864 1294 918 poterit.
1328 865 1526 919 Phyfici
1558 866 1766 918 docent,
1802 866 2082 910 Cometam
2111 865 2210 909 esse
2238 866 2539 909 incendium
2571 877 2655 909 ex-

448 926 780 970 halationum
799 925 853 967 in
873 925 1117 978 suprema
1138 923 1275 967 aeris
1296 924 1520 979 Regione
1541 927 1953 969 cumulatarum.

522 986 675 1028 Hanc
703 984 1007 1039 opinionem
1035 986 1215 1026 autem
1241 984 1418 1026 multis
1447 985 1767 1039 argumentis
1791 985 2024 1028 refutare
2043 996 2183 1027 nunc
2205 996 2312 1028 non
2332 985 2505 1036 decet;
2535 984 2654 1028 dico
2709 991 2752 1026 ιο

449 1048 731 1101 propterea
753 1043 1102 1094 solummod0,
1126 1043 1269 1096 quod
1288 1043 1393 1086 hoc
1413 1043 1583 1097 ipsum
1605 1045 1822 1098 quidam
1836 1044 2138 1088 Astronomi
2158 1055 2224 1086 ex
2245 1044 2432 1098 opticis
2449 1044 2659 1087 rationi-

450 1106 564 1157 bus,
586 1104 776 1147 nullius
795 1104 951 1157 plane
973 1102 1231 1146 momenti
1250 1102 1525 1155 aestiment,
1549 1104 1636 1146 sed
1656 1115 1723 1147 ex
1744 1104 1971 1148 solidiori
1989 1103 2338 1147 fundamento
2358 1104 2572 1146 tradant
2587 1106 2659 1146 at-

451 1176 551 1219 que
567 1163 939 1214 demonstrent,
956 1162 1235 1205 Cometam
1251 1161 1350 1205 esse
1364 1163 1649 1206 materiam
1662 1163 1995 1218 perspicuam
2006 1163 2332 1206 illustratam.
2350 1162 2524 1217 Optici
2535 1174 2660 1216 quo-

451 1235 553 1278 que
579 1222 811 1266 rationes
838 1222 1125 1274 adducunt,
1153 1221 1432 1264 Cometam
1458 1223 1731 1276 procreari
1756 1225 1787 1266 a
1814 1223 2074 1266 concursu
2099 1222 2372 1266 radiorum
2392 1222 2659 1266 SolarIum

451 1284 492 1326 81
519 1283 745 1326 aliorum
774 1282 876 1324 sese
902 1280 1272 1335 frangentium,
1304 1282 1648 1336 occursuque,
1678 1286 1830 1337 parte
1856 1282 1982 1326 Caeli
2008 1285 2170 1334 certa,
2201 1282 2360 1336 idque
2389 1293 2456 1325 ex
2485 1282 2659 1325 cauda
2712 1288 2754 1323 15

452 1343 688 1386 Cometae
710 1353 831 1395 quae
853 1341 1057 1394 semper
1075 1340 1128 1382 in
1148 1344 1356 1394 partem
1379 1353 1411 1383 a
1431 1341 1552 1384 Sole
1573 1342 1816 1385 auersam
1839 1342 2135 1397 porrigitur,
2164 1341 2549 1396 deprehensum
2569 1341 2658 1392 est,

453 1405 611 1456 atque
626 1413 692 1444 ex
706 1400 1173 1444 obseruationibus
1195 1401 1531 1454 quorundam
1547 1401 1890 1445 Cometarum
1911 1414 1943 1444 a
1963 1404 2182 1456 parente
2202 1413 2324 1444 meo
2345 1400 2662 1444 sufficienter

453 1461 888 1511 demonstratum,
923 1460 964 1502 δι
997 1472 1029 1502 a
1060 1459 1238 1502 multis
1272 1460 1384 1515 alijs
1417 1460 1632 1503 eruditis
1665 1460 1920 1504 hactenus
1953 1461 2326 1516 approbatum,
2363 1461 2661 1514 eodemque

453 1521 616 1564 modo
645 1519 1075 1563 animaduersum
1098 1519 1139 1561 81
1160 1518 1514 1562 obseruatum
1539 1520 1627 1563 est.
1655 1520 1724 1563 Vt
1749 1522 1834 1564 uel
1861 1532 1928 1563 ex
1952 1521 2034 1563 his
2060 1520 2179 1564 solis
2206 1519 2661 1564 obseruationibus

455 1581 715 1635 sequatur,
739 1579 986 1622 Cometas
1005 1579 1209 1621 nullum
1229 1578 1327 1622 esse
1347 1578 1666 1623 incendium.
1755 1579 1757 1581 ’
2710 1585 2756 1620 20

525 1639 662 1691 Quin
682 1639 722 1681 81
745 1642 981 1690 autumo,
1004 1649 1097 1682 eos
1116 1650 1224 1682 non
1243 1639 1459 1692 propria
1481 1639 1762 1682 substantia
1782 1639 2039 1691 constare,
2063 1639 2149 1682 sed
2169 1639 2221 1681 in
2240 1638 2440 1682 Caelesti
2461 1639 2661 1681 mundo

453 1699 583 1750 fieri,
612 1699 652 1741 81
679 1710 787 1742 non
813 1698 981 1741 solum
1001 1698 1054 1740 in
1072 1709 1179 1741 uno
1202 1697 1344 1741 Orbe
1364 1699 1448 1741 uel
1470 1699 1629 1751 Caelo,
1658 1699 1745 1742 sed
1765 1699 1818 1741 in
1839 1698 2058 1754 singulis.
2088 1698 2244 1750 Quod
2264 1698 2405 1742 enim
2425 1698 2662 1741 Cometae

453 1758 828 1802 tantummodo
843 1758 896 1800 in
910 1757 1218 1800 elementari
1230 1757 1454 1812 Regione
1466 1758 1556 1801 sub
1575 1763 1603 1809 (ζ
1622 1758 1827 1813 semper
1841 1758 2196 1813 apparuerint,
2214 1769 2278 1801 ac
2291 1758 2501 1801 cursum
2514 1757 2663 1809 suum

454 1817 750 1868 habuerint,
778 1817 831 1860 id
851 1817 1024 1871 Optici
1043 1817 1187 1860 nullo
1208 1818 1372 1860 modo
1394 1818 1705 1871 concedent,
1734 1818 1857 1872 quia
1878 1819 2168 1861 multorum
2190 1818 2533 1861 Cometarum
2553 1828 2664 1860 mo-

453 1882 554 1930 tus,
586 1877 728 1920 aliud
758 1876 979 1919 ostendit
1009 1879 1166 1930 atque
1196 1877 1402 1930 probat.
1436 1876 1804 1928 Quamobrem
1834 1889 1930 1932 ego
1959 1877 2100 1920 hanc
2130 1877 2348 1920 Stellam
2377 1876 2561 1931 (quam
2588 1876 2664 1919 uti
2712 1883 2758 1917 25

458 1935 812 1991 supradictum
827 1936 915 1987 est,
932 1936 984 1978 in
996 1936 1254 1978 AEtherea
1270 1936 1493 1991 Regione
1508 1936 1725 1980 existere
1739 1937 2003 1981 necessum
2018 1936 2110 1994 est)
2121 1948 2219 1991 pro
2235 1937 2456 1980 Cometa
2470 1936 2661 1979 habeo.

457 1995 787 2050 Experientia
809 1995 969 2038 etiam
989 1995 1341 2038 Astronomiae
1362 1995 1534 2047 docet,
1560 1996 1818 2050 quosdam
1840 1997 2088 2039 Cometas
2108 1996 2341 2050 primum
2360 1995 2522 2038 instar
2540 1995 2666 2038 Stel-

457 2057 647 2107 larum,
670 2055 711 2097 &
731 2054 911 2109 postea
932 2066 1057 2097 cum
1077 2055 1252 2097 cauda
1273 2053 1581 2108 conspecstos
1601 2055 1764 2099 fuisse:
1795 2055 1926 2099 alios
1945 2067 2076 2099 uero
2104 2056 2335 2099 caudam
2363 2054 2595 2106 amifisse,
2624 2054 2665 2096 ἃ

458 2115 797 2170 postmodum
825 2114 988 2157 ueluti
1016 2114 1202 2157 Stellas
1233 2114 1539 2168 apparuisse.
1571 2115 1723 2158 Vnde
1756 2126 1967 2169 quoque
1999 2115 2477 2171 (quemadmodum
2511 2115 2665 2168 supra

458 2174 741 2231 innuimus)
761 2173 1076 2227 multiplices
1097 2173 1439 2216 Cometarum
1460 2174 1657 2228 species
1678 2175 1806 2226 sunt,
1830 2186 2058 2228 quarum
2071 2174 2261 2217 Plinius
2276 2174 2317 2216 8ι
2330 2175 2661 2225 Ptolemaeus,
2714 2179 2760 2214 30

459 2246 525 2277 ex
545 2233 745 2276 diutina
766 2233 1221 2276 animaduersione
1241 2244 1438 2276 nouem
1458 2234 1743 2277 recensent.
1771 2233 2013 2288 Quinque
2035 2236 2215 2277 autem
2237 2245 2302 2276 ex
2322 2233 2463 2277 hisce
2483 2236 2666 2287 putan-
2715 2232 2743 2275 i·

457 2297 544 2336 tur
564 2293 765 2336 caudas
784 2292 1000 2344 habere,
1023 2293 1112 2335 etsi
1133 2292 1267 2335 inter
1287 2292 1386 2335 has
1408 2304 1619 2347 quoque
1639 2293 1918 2336 discrimen
1938 2293 2010 2336 fit.

530 2352 812 2403 Postremo,
835 2363 901 2394 ex
922 2363 1027 2406 quo
1043 2351 1172 2394 Cels.
1188 2352 1241 2394 T.
1266 2351 1356 2394 fibi
1376 2363 1556 2395 meum
1579 2353 1946 2406 qualecunque
1967 2353 2032 2396 de
2052 2352 2157 2396 hoc
2173 2353 2394 2395 Cometa
2413 2352 2667 2395 iudicium

459 2411 841 2466 Astrologicum
854 2411 1047 2465 exponi
1058 2411 1288 2465 requirit,
1300 2412 1369 2454 ad
1381 2412 1524 2465 quod
1535 2423 1622 2455 me
1634 2423 1760 2455 cum
1772 2412 1918 2455 omni
1929 2412 2106 2456 debita
2116 2411 2444 2455 submissione
2455 2422 2667 2466 promp-

459 2471 705 2514 tissimum
730 2470 909 2524 utique
937 2470 1210 2514 offerrem:
1238 2471 1490 2514 Attamen
1510 2471 1639 2514 Cels.
1661 2471 1715 2514 T.
1739 2472 1914 2514 celare
1940 2483 2049 2515 non
2073 2472 2215 2523 uolo,
2243 2471 2370 2514 nihil
2398 2470 2574 2514 adhuc
2601 2471 2667 2513 de
2716 2476 2763 2511 35

459 2530 615 2573 huius
636 2530 872 2573 Cometae
893 2528 1085 2573 effectu
1105 2530 1324 2584 praedici
1343 2528 1498 2584 posse.
1528 2531 1607 2574 De
1634 2530 1745 2574 eius
1771 2531 2040 2585 siquidem,
2070 2533 2160 2573 aut
2184 2530 2410 2574 aliorum
2431 2530 2670 2573 Cometa-

462 2602 581 2633 rum
602 2588 818 2641 effecstis‚
840 2601 999 2633 nemo
1020 2589 1073 2632 in
1094 2590 1263 2644 specie
1284 2590 1481 2644 aliquid
1496 2589 1687 2642 dicere,
1708 2591 1793 2633 uel
1807 2590 2043 2633 iudicare
2058 2590 2230 2642 debet,
2253 2593 2541 2644 antequam
2555 2589 2670 2644 post

463 2649 720 2692 diutinam
735 2648 1139 2703 apparitionem,
1154 2649 1251 2692 toti
1264 2649 1591 2701 euanuerint,
1613 2661 1908 2704 eorumque
1923 2649 2259 2704 quotidianus
2273 2650 2423 2693 locus
2438 2649 2479 2691 81
2492 2652 2670 2692 motus

463 2709 530 2751 ab
551 2708 696 2752 initio
716 2720 884 2762 usque
906 2709 974 2751 ad
993 2708 1173 2759 finem,
1197 2708 1325 2751 item
1347 2710 1512 2760 color,
1541 2709 1800 2763 splendor,
1827 2709 2152 2764 magnitudo,
2179 2709 2373 2761 forma,
2402 2709 2471 2751 ad
2492 2708 2670 2752 Solem

462 2768 689 2819 habitus,
723 2768 857 2819 finis,
889 2768 929 2810 δι
960 2768 1078 2811 aliae
1108 2769 1284 2822 plures
1314 2768 1739 2820 circumstantiae,
1772 2768 2018 2811 uidelicet
2048 2768 2361 2823 praecedens
2390 2768 2600 2822 Eclipfis
2629 2768 2670 2809 δι
2720 2773 2766 2807 4ο

463 2839 657 2881 magna
691 2827 1018 2881 superiorum
1049 2828 1386 2870 Planetarum
1418 2826 1734 2879 coniunctio,
1769 2827 2041 2882 diligenter
2070 2826 2337 2882 patefacta
2370 2827 2410 2869 81
2443 2827 2673 2881 expensa

463 2886 668 2929 fuerint.
684 2886 1015 2940 Experientia
1026 2886 1365 2930 nihilominus
1377 2887 1549 2939 docet,
1563 2886 1871 2941 conspectos
1883 2888 2148 2939 Cometas,
2163 2887 2367 2941 semper
2377 2886 2672 2941 peculiares

466 2946 506 2988 ἃ
525 2945 694 2989 tristes
715 2944 934 2989 effectus
950 2946 1263 2998 subsecutos,
1287 2947 1745 3000 quemadmodum
1764 2958 1830 2989 ex
1844 2947 2022 2990 multis
2038 2946 2310 2990 Historicis
2324 2947 2365 2988 ἃ
2379 2946 2674 3000 Astrologo-

464 3017 583 3047 rum
600 3005 744 3048 libris
759 3017 823 3048 ac
839 3005 1321 3057 Obseruationibus‚
1343 3006 1524 3049 uidere
1544 3006 1631 3049 est.
1656 3006 1982 3049 Generaliter
2002 3009 2181 3049 autem
2202 3007 2268 3049 de
2288 3005 2370 3048 his
2390 3005 2671 3060 loquendo,

466 3065 785 3117 portendunt
803 3065 1068 3120 ingentem
1090 3065 1454 3119 saepenumero
1470 3065 1774 3117 siccitatem,
1795 3065 2127 3109 turbulentos
2146 3068 2351 3117 uentos,
2372 3065 2549 3108 Terrae
2564 3075 2675 3107 mo·
2722 3070 2769 3105 45

464 3126 595 3174 tum,
620 3135 841 3178 magnos
857 3124 1050 3167 aestatis
1066 3125 1301 3175 ardores,
1324 3124 1627 3178 intensaque
1642 3125 1851 3178 hyemis
1866 3124 2077 3179 frigora,
2100 3125 2310 3179 frugum
2324 3124 2674 3179 perditionem

468 3182 508 3223 8ι
529 3182 820 3235 penuriam,
851 3195 1079 3226 annonae
1101 3184 1397 3236 caritatem,
1427 3183 1643 3235 famem,
1672 3196 1925 3238 magnam
1946 3184 1986 3226 ἃ
2008 3184 2335 3227 subitaneam
2359 3184 2573 3238 pestem,
2603 3186 2676 3225 at-

470 3253 570 3294 que
586 3242 717 3284 alios
732 3254 920 3296 graues
935 3243 1170 3294 morbos,
1187 3242 1401 3294 bellum,
1417 3254 1735 3297 magnorum
1749 3243 1790 3286 8ι
1804 3243 2099 3297 potentium
2115 3243 2412 3298 Principum
2426 3245 2672 3292 mortem,

470 3312 633 3353 quam
653 3301 920 3344 mirabiles
942 3303 1237 3356 Regnorum
1258 3303 1299 3345 δι
1319 3302 1622 3345 Politiarum
1643 3302 1964 3346 mutationes
1985 3302 2229 3346 comitari
2250 3303 2428 3353 solent,
2457 3302 2497 3343 ἃ
2523 3302 2675 3356 plura

468 3359 801 3402 eiuscemodi.
832 3362 1002 3414 Atque
1031 3373 1135 3415 quo
1164 3361 1357 3403 diutius
1384 3360 1475 3404 uisi
1501 3361 1695 3404 fuerint
1714 3361 1755 3403 81
1776 3361 1944 3416 magis
1971 3362 2063 3403 fixi
2083 3361 2369 3404 manserint
2393 3361 2485 3417 (uti
2505 3361 2589 3403 ille
2611 3360 2675 3403 de
2725 3366 2771 3401 50

2555 3461 2674 3510 quo
