2976 4264
217 986 260 1022 10

218 1285 260 1319 15

214 1963 261 1997 25

690 302 1574 357 PROGYMNASMATUM
1600 302 1916 355 TERTIA
1942 303 2146 357 PARS
2425 306 2517 358 179

308 445 444 488 inter
463 444 513 488 se
532 444 648 496 AG,
671 444 712 486 ἃ
731 444 845 496 AQ.
874 445 951 488 Ac
973 455 1160 488 eorum
1182 445 1584 499 Complementa
1606 444 1679 487 GI
1701 444 1743 487 ἃ
1764 443 1880 496 QK,
1909 447 2063 488 erunt
2081 444 2245 488 etiam
2266 444 2516 499 aequalia:

310 504 542 547 similiter
560 504 818 558 probatur
838 504 931 556 01,
954 504 1053 548 esse
1073 505 1281 559 aequale
1302 504 1410 547 RK.

380 563 568 606 Rursus
589 563 844 618 quoniam
859 564 1095 607 Circulus
1110 563 1394 607 altitudinis
1407 563 1498 606 AE
1508 563 1554 606 Ν
1564 563 1601 615 1,
1624 564 1759 607 duos
1772 563 2056 606 Parallelos
2071 563 2305 606 Circulos
2320 564 2357 606 E
2367 563 2516 615 NPE,

309 623 350 665 &
368 622 502 666 GST
510 622 571 674 Q,
594 623 736 666 secat
755 623 808 666 in
827 627 978 678 parte
1000 623 1250 678 superiori
1264 624 1305 666 8ι
1319 622 1573 666 inferiori:
1596 622 1774 674 Quare
1787 634 1882 677 per
1900 622 1968 666 13.
1985 622 2212 666 Secundi
2225 623 2516 678 Theodofij,

309 694 466 726 arcus
481 682 588 733 EG,
610 683 831 737 aequalis
846 683 917 726 est
930 683 1092 726 Arcui
1105 683 1138 726 S
1149 683 1211 735 N,
1227 684 1268 726 81
1283 682 1388 735 FQ,
1404 682 1495 737 ipsi
1509 682 1604 726 TP.
1627 683 1761 726 Item
1777 682 1875 725 GX
1888 682 1979 736 ipfi
1994 682 2096 734 XS,
2114 682 2154 724 ἃ
2169 682 2213 734 Q
2225 682 2282 734 L,
2304 682 2395 736 ipfi
2411 682 2514 726 LT.

380 741 475 785 His
494 742 567 784 ita
588 741 893 786 constructis
914 743 954 784 δι
975 742 1342 786 demonstratis
1363 743 1432 785 ad
1447 743 1775 797 Angulorum
1796 742 1837 784 81
1858 742 2111 784 Laterum
2130 741 2515 796 inquisitionem

309 802 377 845 fic
400 802 770 856 procedemus.
798 803 859 845 Et
879 803 984 845 siue
1004 802 1254 846 habueris
1274 802 1408 845 duas
1429 802 1741 845 Altitudines
1761 802 1814 844 in
1833 802 2026 845 eodem
2051 801 2306 853 uerticali‚
2335 802 2440 844 siue
2466 801 2519 844 in

308 861 539 913 diuersis,
567 861 864 905 dummodo
886 862 1054 905 altera
1074 873 1260 905 earum
1281 862 1340 904 fit
1358 861 1546 913 maior,
1576 863 1744 905 altera
1765 861 1955 912 minor,
1982 860 2036 904 in
2061 860 2416 915 cognitionem
2436 873 2519 916 ag-

309 921 1364 1036 grzgssitilnligrss'lssiaa'ggunfuffiulggggngulum
1393 980 1567 1032 AXH,
1598 981 1651 1023 in
1680 992 1784 1035 quo
1814 980 1934 1032 AH,
1966 991 2091 1023 cum
2121 980 2312 1034 angulo
2341 978 2516 1030 XAH,

309 1042 436 1082 nota
458 1039 586 1091 sunt,
613 1040 654 1082 81
677 1040 910 1095 Angulus
932 1040 1001 1083 ad
1020 1041 1066 1082 X
1085 1039 1274 1084 rectus.
1304 1041 1528 1084 Dabitur
1547 1040 1699 1095 igitur
1719 1052 1814 1094 per
1831 1039 1859 1082 3
1882 1039 2158 1094 Copernici
2176 1040 2314 1082 latus
2334 1038 2447 1090 AX,
2476 1039 2517 1081 ἃ

309 1098 420 1142 eius
441 1099 903 1153 Complementum
923 1099 1014 1142 XI.
1045 1101 1104 1142 Et
1128 1100 1251 1154 quia
1272 1100 1363 1151 IG,
1393 1100 1479 1143 seu
1501 1100 1617 1152 KQ,
1646 1100 1874 1154 aequalia
1895 1099 1936 1141 81
1956 1101 2084 1142 nota
2111 1099 2225 1141 sunt
2251 1110 2318 1141 ex
2339 1098 2519 1152 Hypo-

307 1158 453 1209 thesi,
476 1158 516 1200 81
537 1158 768 1201 similiter
787 1159 879 1210 01,
903 1159 989 1202 seu
1010 1159 1119 1211 KR,
1141 1159 1351 1214 cognita
1373 1160 1502 1211 sunt,
1525 1160 1704 1202 ablato
1725 1159 1815 1211 IX,
1839 1170 1905 1201 ex
1926 1158 2017 1210 IG,
2039 1157 2409 1209 remanetXG,
2432 1157 2518 1200 cui

309 1217 530 1272 aequalis
551 1217 636 1269 est,
665 1217 768 1270 XS,
794 1219 836 1261 81
859 1217 1096 1262 detracto
1118 1218 1211 1270 10,
1241 1230 1307 1261 ex
1327 1219 1418 1270 IX,
1446 1219 1756 1273 relinquitur
1775 1218 1889 1262 ΟΧ.
1918 1218 2106 1261 Rursus
2128 1215 2390 1261 subtracto
2411 1217 2516 1268 XS,

309 1277 376 1320 ab
404 1277 520 1328 XO,
547 1277 791 1332 relinquit
817 1289 1006 1321 arcum
1033 1277 1137 1329 SO,
1166 1278 1255 1332 qui
1281 1278 1543 1322 conflatus
1570 1278 1640 1322 est
1667 1290 1733 1321 ex
1759 1278 1967 1321 duobus
1992 1276 2235 1320 Arcubus
2262 1276 2369 1328 SN,
2398 1275 2516 1327 ΝΟ,

308 1336 568 1379 Parallaxi
594 1337 871 1391 superioris
897 1337 1077 1392 partis,
1107 1338 1194 1380 seu
1220 1337 1438 1381 maioris
1459 1337 1758 1381 Altitudinis
1783 1336 2125 1380 Phaenomeni
2150 1335 2517 1391 (probauimus

308 1395 450 1439 enim
477 1395 583 1448 SN,
610 1396 710 1440 esse
736 1398 943 1451 aequale
969 1396 1060 1451 ipsi
1087 1397 1197 1454 EG)
1222 1398 1263 1440 8ι
1289 1397 1548 1440 Parallaxi
1573 1397 1835 1440 inferioris
1861 1397 1948 1440 seu
1974 1395 2193 1439 minoris
2214 1394 2513 1438 altitudinis.

307 1455 439 1499 Tota
458 1455 612 1510 igitur
632 1455 737 1508 OS,
760 1456 831 1499 est
851 1459 1192 1512 aggregatum
1211 1457 1587 1500 Parallaxium:
1611 1457 1767 1508 Quod
1787 1459 1901 1499 erat
1921 1455 2241 1499 faciendum.

381 1515 500 1558 Non
527 1515 761 1559 absimile
788 1528 820 1558 a
845 1516 954 1559 iam
981 1517 1215 1571 expolito
1236 1516 1584 1568 Problemate‚
1612 1516 1684 1560 est
1709 1516 1871 1560 etiam
1902 1516 1954 1558 15
1980 1515 2258 1570 problema
2284 1513 2517 1557 eiusdem

309 1574 562 1630 Diggesei;
590 1574 643 1617 in
670 1586 775 1629 quo
802 1587 869 1619 ex
893 1576 1060 1619 tribus
1087 1576 1238 1627 datis,
1268 1579 1608 1631 aggregatum
1631 1575 1983 1619 Parallaxium
2007 1573 2316 1629 inuestigare
2342 1573 2514 1624 docet,

307 1633 398 1676 nifi
420 1634 564 1688 quod
583 1635 704 1678 loco
721 1635 1020 1678 Altitudinis
1039 1635 1162 1687 Poli,
1185 1636 1328 1689 quod
1347 1635 1419 1678 ibi
1438 1647 1534 1689 pro
1556 1635 1870 1679 Dedomeno
1890 1634 2090 1685 habuit,
2111 1633 2198 1676 hic
2220 1632 2516 1676 distantiam

309 1706 341 1736 a
362 1693 487 1736 Fixa
505 1693 558 1736 in
578 1694 773 1738 eisdem
792 1694 1132 1738 uerticalibus
1153 1695 1390 1738 assumat.
1413 1695 1497 1738 Sic
1520 1698 1700 1738 autem
1720 1695 1882 1739 habet
1901 1694 2028 1737 illud
2046 1693 2338 1737 Problema.

403 1790 837 1844 PROBLEMA
863 1792 1326 1845 SECUNDUM
1351 1792 1743 1854 THADDEI,
1771 1793 1877 1844 EX
1903 1791 2014 1843 XV
2039 1789 2420 1843 DIGGESEI

490 1874 1021 1937 DESUMPTUM,
1048 1876 1488 1939 PAULOQUE
1514 1875 1800 1928 ALITER
1828 1873 2335 1928 ORDINATUM.

381 1955 532 1998 Datis
558 1955 766 1999 duabus
792 1956 1150 2000 altitudinibus
1176 1957 1532 2009 Phaenomem‚
1561 1957 1778 2011 eiusque
1804 1955 2053 2011 distantijs
2080 1955 2147 1998 ab
2176 1953 2352 2008 aliqua
2375 1952 2519 1995 Fixa-

309 2026 446 2066 rum,
478 2015 692 2068 quando
721 2015 775 2059 in
804 2016 1012 2060 duobus
1041 2016 1234 2059 fuerint
1262 2016 1602 2060 uerticalibus
1631 2016 1908 2071 aequaliter
1935 2015 1987 2058 in
2016 2014 2249 2058 diuersas
2278 2015 2456 2067 partes
2486 2024 2518 2055 a

312 2073 606 2117 Meridiano
627 2075 949 2128 distantibus,
972 2079 1312 2131 aggregatum
1331 2076 1684 2119 Parallaxium
1705 2075 1964 2130 colligere.

383 2133 503 2176 Non
530 2134 729 2177 addam
756 2135 1275 2187 demonstrationem,
1302 2147 1368 2179 ne
1390 2139 1593 2179 temere
1612 2136 1780 2179 uerba
1799 2135 2022 2178 fundere
2040 2133 2241 2176 uidear.
2268 2130 2434 2174 Potest
2454 2142 2519 2174 ea

311 2192 416 2248 peti
436 2204 503 2236 ex
523 2193 774 2248 superiori
790 2194 1141 2238 Problemate:
1165 2195 1364 2238 Saltem
1378 2195 1608 2239 Schema
1623 2195 1664 2237 81
1679 2194 2058 2249 Operationem
2073 2192 2336 2249 adijciam.
2358 2190 2518 2233 Vides

456 3449 524 3485 23*
2453 3437 2516 3486 in
