2976 4264
636 320 1516 374 PROGYMNASMATUM
1543 320 1856 372 TERTIA
1883 323 2085 374 PARS
2372 324 2463 375 125

263 462 614 527 dispositioni
640 462 905 528 Sphaerae
930 469 966 523 Ω
990 470 1166 529 atque
1195 464 1483 528 supremae
1511 465 1545 524 ἴ
1569 466 1734 515 iuxta
1758 464 2178 517 Ptolemaicam
2207 464 2463 517 distribu-

262 536 502 595 tionem,
533 535 809 598 equidem
838 551 962 587 non
991 535 1315 587 admodum
1344 534 1667 586 inconsona
1695 535 1786 587 est.
1817 536 2029 599 Neque
2056 538 2215 587 enim
2244 537 2277 597 ἴ
2300 538 2466 588 iuxta

261 603 372 657 has
389 603 739 670 hypotheses
753 606 928 658 altius
942 606 1250 671 elongatur
1263 622 1300 658 a
1313 612 1468 657 terra
1479 605 1922 658 semidiametris
1936 606 2044 659 166.
2062 607 2137 659 ad
2151 607 2462 659 summum.

263 675 558 739 Quamuis
585 676 626 727 fi
652 676 989 729 Parallaxes
1015 680 1121 729 rite
1147 677 1609 729 discernerentur
1636 677 1688 728 &
1715 680 1841 729 eius
1868 693 2107 742 quoque
2136 694 2272 742 quae
2301 681 2465 730 iuxta

191 765 213 798 5
262 750 540 799 verticem
559 746 752 809 fiebat,
774 751 923 800 ratio
944 747 1274 809 haberetur,
1295 748 1476 813 paulo
1497 748 1671 800 altius
1685 748 1863 813 vsque
1876 751 1940 800 in
1954 748 2202 813 Sphaera
2219 754 2255 808 Ω
2273 749 2464 801 sustol-

261 817 506 870 lendum
524 821 750 871 veniret
769 818 883 871 hoc
904 819 1092 872 Sidus,
1116 820 1196 871 At
1216 822 1420 872 cumis
1439 826 1578 871 tunc
1598 822 1877 884 temporis
1896 820 2271 872 Aristotelicis
2291 820 2464 872 tradi-

261 890 518 942 tionibus
537 892 791 942 nimium
811 889 1090 951 addictus,
1110 891 1365 943 statuerit
1383 890 1590 954 procul
1604 890 1783 943 dubio
1798 891 2074 956 Sphaeras
2087 891 2464 944 Planetarum

261 960 449 1013 reales
477 962 597 1022 esse,
629 964 732 1025 qui
759 961 956 1026 quaeso
985 961 1114 1014 fieri
1141 965 1346 1026 potuit,
1375 969 1436 1013 vt
1461 962 1642 1014 Stella
1668 961 1815 1023 haec,
1844 965 1998 1014 intra
2024 962 2194 1014 orbes
2219 967 2255 1022 Ω
2278 962 2397 1014 11110
2425 964 2459 1024 3?

260 1038 424 1083 tanto
453 1038 717 1096 tempore
745 1033 1064 1084 immobilis
1094 1033 1431 1093 confisteret,
1461 1049 1499 1085 a
1527 1033 1694 1085 nullo
1724 1033 1942 1085 horum
1970 1036 2195 1086 interea
2221 1037 2463 1085 circum-

170 1119 213 1154 10
261 1101 425 1155 adia?
455 1103 701 1155 Dubitat
728 1110 930 1155 tamen
958 1103 1153 1156 adhuc
1183 1120 1262 1156 an
1287 1104 1513 1156 mundo
1540 1103 1816 1166 aethere0‚
1846 1120 1926 1156 an
1950 1120 2092 1156 vero
2122 1105 2466 1157 elementari

261 1173 575 1226 attribuere
589 1173 755 1226 illam
769 1175 992 1236 debeat,
1005 1181 1064 1226 vt
1073 1182 1134 1227 vt
1144 1175 1482 1227 Parallaxin
1495 1175 1570 1239 (&
1580 1175 1735 1227 hanc
1748 1191 1987 1240 quoque
1998 1179 2174 1228 nimis
2185 1191 2465 1241 magnam

260 1244 604 1297 sublunares
623 1245 784 1297 sedes
803 1245 1193 1310 respuentem)
1216 1247 1602 1298 adinuenerit.
1623 1247 1794 1299 Adeo
1814 1253 1981 1299 vetus
2001 1246 2104 1299 illa
2118 1247 2170 1298 &
2183 1247 2463 1312 plurimo-

260 1331 395 1368 rum
414 1316 840 1380 approbatione
860 1317 963 1368 diu
983 1317 1209 1369 imbuta
1229 1320 1432 1382 opinio
1453 1318 1677 1370 radices
1698 1333 1870 1383 agere
1890 1318 2046 1379 solet,
2061 1325 2121 1370 vt
2134 1334 2210 1370 ne
2225 1318 2464 1383 quidem

260 1387 436 1452 ipfius
456 1390 834 1452 experientiae
855 1390 1162 1453 contrarijs
1183 1391 1385 1440 cuneis
1407 1391 1591 1441 euerti
1612 1396 1804 1453 queat.

166 1475 208 1510 15
329 1458 483 1522 Quae
504 1458 576 1510 de
598 1462 1039 1523 comparatione
1054 1459 1250 1511 Stellae
1270 1459 1449 1512 huius
1470 1476 1606 1512 cum
1619 1460 1776 1512 Fixis
1797 1467 1973 1525 atque
1987 1460 2241 1513 Planetis
2261 1460 2462 1522 adfert,

253 1529 387 1581 satis
406 1529 557 1582 bene
578 1531 888 1594 quadrant.
913 1531 1098 1595 Atqui
1119 1546 1192 1582 ex
1211 1530 1304 1582 his
1325 1533 1503 1583 etiam
1524 1534 1668 1583 citra
1686 1531 2064 1584 Parallaxeos
2084 1531 2463 1584 mensuratio-

254 1616 395 1652 nem
414 1601 685 1666 colligere
705 1603 981 1666 potuisset,
1001 1601 1179 1666 plane
1201 1601 1491 1654 coelestem
1511 1609 1788 1654 naturam
1802 1619 1926 1655 non
1941 1603 2361 1655 elementarem
2379 1602 2464 1654 illi

254 1671 492 1724 infuisse.
526 1672 705 1735 Quod
731 1675 892 1724 enim
917 1673 1404 1738 magnitudinem,
1434 1673 1655 1735 lumen,
1684 1674 1944 1726 colorem
1968 1676 2223 1735 mutarit,
2253 1680 2465 1739 praeter

256 1743 511 1795 aliarum
526 1743 842 1796 Stellarum
860 1759 1106 1805 morem,
1127 1744 1291 1796 haud
1310 1744 1661 1796 sufficienter
1679 1745 1888 1809 probat
1905 1761 2039 1797 eam
2053 1745 2290 1797 illarum
2304 1747 2462 1797 terri-

160 1832 207 1867 20
254 1817 419 1880 torijs
444 1830 569 1866 non
596 1815 1002 1867 associandam.
1034 1816 1196 1867 Nam
1221 1815 1263 1867 fi
1287 1816 1635 1868 miraculose
1663 1822 1875 1881 praeter
1902 1816 2205 1868 consuetas
2234 1822 2463 1868 naturae

254 1886 411 1951 leges
429 1885 617 1938 subito
637 1886 690 1938 &
711 1902 784 1938 ex
804 1887 1123 1951 improuiso
1143 1886 1261 1939 illic
1289 1887 1526 1939 existere
1551 1890 1755 1952 potuit,
1782 1891 1982 1952 vtique
2010 1887 2062 1939 &
2089 1887 2464 1940 alterationes

255 1957 365 2009 has
384 1959 447 2008 in
468 1957 665 2009 colore
686 1964 862 2022 atque
887 1958 1274 2010 decrescentia
1300 1961 1576 2023 corporiS,
1604 1959 1791 2011 donec
1816 1959 2049 2024 prorsus
2076 1958 2461 2019 euanesceret,

254 2028 462 2089 subire,
483 2032 682 2080 minus
702 2029 1020 2082 absurdum
1041 2036 1180 2082 erat.

328 2100 471 2151 Non
489 2106 709 2152 temere
730 2100 1153 2153 affirmandum
1172 2117 1365 2153 nouas
1379 2104 1443 2153 in
1457 2101 1717 2153 aetherea
1730 2104 1967 2167 regione
1983 2101 2265 2153 diuinitus
2280 2103 2465 2152 creari

161 2188 207 2222 25
244 2170 482 2232 Stellas,
511 2170 663 2224 redte
690 2172 968 2236 equidem
993 2173 1190 2224 asserit.
1221 2173 1301 2224 At
1326 2172 1368 2224 fi
1394 2173 1638 2225 euidens
1665 2175 2027 2237 experientia
2052 2172 2302 2237 idipsum
2328 2188 2463 2224 con-

256 2245 471 2303 uincat‚
488 2243 630 2307 quid
640 2249 768 2294 tum
779 2243 1043 2295 dicemus
1051 2242 1078 2295 P
1094 2244 1260 2295 Num
1271 2244 1454 2296 Molis
1464 2245 1645 2296 verba
1654 2245 1738 2296 Et
1748 2243 1986 2311 quieuit
1993 2244 2172 2297 Deus
2184 2242 2465 2310 Septimo

259 2312 373 2375 die,
394 2314 545 2366 adeo
565 2313 812 2375 1111611111,
834 2314 996 2379 quafi
1015 2317 1079 2366 in
1092 2322 1377 2379 perpetuo
1392 2315 1692 2367 Sabbatho
1707 2316 1781 2368 ab
1797 2318 1962 2367 omni
1976 2317 2319 2379 operatione
2332 2314 2462 2366 feri-

257 2391 469 2445 aretur,
499 2385 879 2451 intelligenda
905 2392 1098 2438 erunt:
1128 2386 1239 2438 Vel
1263 2389 1459 2450 potius
1487 2386 1690 2439 saltem
1715 2387 1787 2438 de
1813 2389 1901 2452 ijs,
1932 2402 2068 2451 quae
2095 2386 2168 2438 ab
2195 2388 2363 2437 initio
2391 2401 2464 2437 ex

258 2455 447 2508 nihilo
463 2472 661 2508 creare
676 2457 978 2518 constituit,
993 2458 1357 2522 accipienda:
1379 2473 1504 2509 non
1518 2464 1718 2510 autem
1731 2458 1803 2509 de
1817 2458 2173 2523 secundarijs
2188 2457 2462 2522 operibus

164 2544 210 2579 30
260 2543 292 2579 e
312 2530 561 2579 materia
579 2528 978 2592 praeexistente
998 2527 1299 2580 formatis?
1326 2529 1465 2581 Siue
1485 2531 1657 2594 igitur
1676 2529 2002 2581 mediatum
2020 2528 2139 2580 fiue
2158 2528 2463 2579 immedia-

258 2605 386 2650 tum
404 2597 579 2650 fuerit
596 2598 711 2650 hoc
731 2615 898 2663 opuS,
919 2599 1150 2651 decreto
1170 2599 1307 2651 sane
1329 2599 1381 2651 &
1400 2606 1550 2651 nutu
1569 2600 1955 2652 vniuerfitatis
1971 2599 2214 2664 Opificis
2233 2599 2462 2664 prodijt.

259 2669 334 2720 Vt
354 2668 430 2720 ob
450 2669 509 2720 id
528 2670 710 2722 verba
727 2672 922 2734 potius
943 2670 1126 2722 Mofis
1149 2670 1287 2722 hinc
1313 2669 1524 2723 rectius
1550 2671 1989 2735 interpretanda
2016 2670 2463 2734 excusandaque

259 2742 515 2801 venient,
537 2756 719 2804 quam
739 2741 842 2806 ipfi
862 2743 1238 2806 experientiae
1259 2741 1642 2807 irrefragabili
1662 2742 2199 2794 contradicendum.

331 2810 573 2863 Stellam
599 2812 920 2876 Magorum
945 2828 1069 2863 non
1094 2811 1251 2864 fuisse
1276 2815 1599 2877 genuinam
1622 2813 1718 2865 sed
1743 2816 1938 2878 potius
1958 2812 2256 2878 Angelum
2281 2828 2463 2877 quen-

165 2898 211 2933 35
260 2881 400 2934 (13111
413 2881 515 2934 sub
529 2885 785 2947 imagine
799 2882 995 2935 Stellae
1011 2898 1111 2934 eos
1124 2884 1570 2947 praecedentem,
1593 2900 1728 2936 cum
1741 2887 1841 2949 pia
1853 2884 2129 2936 vetustate
2143 2899 2267 2935 non
2280 2886 2464 2935 inuite

261 2954 604 3005 concessero:
629 2954 911 3005 Attamen
930 2952 1086 3005 hanc
1106 2954 1190 3005 illi
1211 2955 1716 3019 aequiparandam,
1744 2962 1846 3007 aut
1867 2955 2026 3020 quod
2046 2955 2120 3007 ob
2141 2955 2201 3006 id
2220 2970 2384 3006 noua
2402 2957 2464 3005 in

262 3023 430 3076 Caelo
460 3023 783 3088 aliquando
814 3031 1012 3076 extare
1044 3032 1344 3089 nequeant
1376 3041 1640 3090 corpora,
1673 3026 2012 3078 nullatenus
2045 3024 2465 3078 consectarium

141 3103 224 3147 611
261 3095 547 3147 duxerim.
575 3095 689 3147 Sed
710 3090 730 3163 ΙΙ
751 3095 823 3147 de
850 3094 963 3148 hac
984 3096 1178 3161 Magis
1200 3096 1419 3149 ostensa
1439 3097 1618 3150 Stella
1642 3100 1764 3150 iam
1790 3104 1967 3150 antea
1991 3097 2124 3149 satis
2151 3097 2463 3162 disputaui-

259 3181 410 3218 muS.
438 3166 643 3230 Itaque
664 3166 876 3218 dubius
897 3166 1081 3218 haeret
1100 3167 1408 3229 PeuceruS,
1435 3184 1544 3220 nec
1564 3169 1843 3233 quorsum
1862 3168 2018 3221 hanc
2038 3168 2280 3221 Stellam
2298 3183 2463 3232 repo-

166 3253 212 3287 40
260 3243 379 3298 1131,
401 3240 539 3288 certi
559 3237 783 3301 aliquid
803 3237 1047 3289 statuere
1068 3238 1260 3290 audet.
1283 3239 1495 3303 Neque
1515 3240 1574 3291 id
1592 3243 1828 3300 mirum,
1851 3256 1986 3291 cum
1999 3239 2343 3291 Aristotelea
2360 3238 2463 3290 dis-

261 3307 479 3372 ciplina
507 3323 545 3359 a
571 3310 787 3360 teneris
817 3308 1061 3369 imbut0,
1096 3308 1330 3361 Caelum
1362 3326 1524 3363 noua
1553 3311 1821 3363 asciscere
1851 3327 2099 3375 corpora
2127 3309 2463 3374 impossibile

260 3378 437 3443 plane
464 3379 785 3440 censeatur;
815 3379 1192 3432 Parallaxeos
1222 3381 1477 3433 exilitate
1504 3382 1557 3434 &
1581 3382 2004 3434 scintillationis
2028 3382 2355 3434 vibratione
2381 3381 2462 3432 id-

2276 3451 2464 3516 ipsum
