2976 4264
487 330 578 382 154
988 321 1597 377 ASTRONOMIAE
1623 320 2190 375 INSTAURATAE

486 472 629 530 1577,
656 469 753 520 vbi
780 483 880 519 eos
908 471 1231 525 enumerat,
1260 467 1362 528 qui
1388 471 1564 516 antea
1590 462 1875 528 conspedti
1900 464 2045 525 sunt,
2074 470 2362 528 quotquot
2386 463 2524 517 hinc
2550 466 2686 517 inde
2737 474 2764 517 -ι-

486 543 831 604 conquirere
851 540 1054 602 potuit,
1076 536 1316 588 tandem
1330 536 1382 587 &
1397 535 1576 587 huius
1591 534 1786 587 Stellae
1801 534 2245 600 descriptionem
2263 535 2542 588 breuibus
2560 536 2686 588 sub-

484 610 671 663 nedtit.
703 610 862 672 Quid
887 611 1060 673 igitur
1086 607 1157 658 de
1184 607 1296 659 hac
1321 606 1540 658 ibidem
1567 605 1888 670 protulerit,
1918 622 2078 658 nunc
2107 607 2438 668 audiamuS‚
2467 607 2685 672 postea-

484 698 597 746 que
626 680 1045 745 expendamus,
1072 677 1268 730 Verba
1293 683 1493 729 autem
1517 677 1693 741 ipfius
1714 692 1746 728 e
1766 675 1918 729 disto
1944 677 2143 729 libello
2169 677 2285 730 huc
2309 677 2505 739 allata,
2532 678 2605 730 fic
2630 678 2686 730 se

481 752 715 804 habent.
2734 771 2756 805 5

551 845 704 887 Anno
730 843 856 885 1572.
886 842 1038 885 Sidus
1065 841 1338 895 quoddam
1365 839 1610 895 apparuit
1633 839 1721 897 (fic
1743 839 1884 883 enim
1903 840 2089 883 uocari
2110 840 2315 883 solitum
2336 841 2427 897 est)
2453 842 2596 895 quod
2617 842 2687 884 di-

480 903 789 947 uerfissimas
811 901 1085 956 opiniones
1107 901 1242 943 inter
1261 900 1564 955 Astrologos
1585 899 1626 941 81
1645 899 1985 954 Philosophos
2006 899 2272 952 excitauit,
2301 901 2429 943 dum
2455 900 2538 956 alij
2562 901 2687 944 Stel-

481 965 589 1005 lam
604 963 786 1004 Fixam
806 961 932 1003 illud
947 961 1045 1004 esse
1060 960 1447 1004 contenderunt
1459 959 1657 1002 lumine
1672 957 1906 1001 aucstam:
1931 958 2013 1014 alij
2030 970 2230 1002 nouam
2245 959 2343 1003 Dei
2357 963 2683 1003 creaturam:

481 1022 562 1076 alij
593 1022 891 1065 Cometam:
924 1020 1006 1075 alij
1038 1020 1215 1062 rursus
1240 1018 1477 1062 medium
1506 1018 1761 1072 quiddam
1788 1018 1924 1061 inter
1949 1018 2227 1062 Cometam
2254 1021 2295 1061 &
2321 1019 2551 1062 Stellam.
2583 1020 2686 1063 Sed

478 1081 672 1124 horum
699 1079 1121 1134 disputationem,
1153 1090 1219 1121 ex
1246 1078 1423 1132 aliqua
1448 1081 1599 1132 parte
1623 1081 1835 1132 tempus
1862 1077 2117 1121 successus
2144 1078 2351 1121 sustulit.
2383 1079 2516 1122 Cum
2543 1079 2684 1122 enim
2738 1090 2780 1125 10

478 1140 690 1195 prorsus
719 1138 1008 1190 euanuerit,
1041 1139 1081 1180 81
1111 1138 1393 1181 Stellarum
1422 1149 1675 1181 numerus
1705 1137 1992 1180 diminutus
2021 1149 2129 1181 non
2162 1138 2235 1190 sit,
2271 1138 2684 1182 consentaneum

479 1200 671 1251 euadit,
701 1199 978 1242 Meteoron
1004 1197 1296 1249 fuisse,s1ue
1321 1197 1449 1240 illud
1469 1208 1536 1240 ex
1554 1196 1759 1252 uulgari
1779 1196 2123 1240 Cometarum
2149 1197 2390 1249 materia,
2419 1198 2524 1241 fiue
2549 1198 2685 1253 puri-

479 1271 571 1302 ore
586 1259 763 1312 aliqua
777 1257 797 1317 ΙΙ
812 1259 954 1301 mole
972 1257 1127 1300 fuerit
1148 1255 1505 1311 compad'tum.
1528 1254 1709 1299 Edodti
1730 1259 1874 1299 certe
1895 1256 2087 1309 sumus,
2111 1255 2409 1300 doetrinam
2425 1257 2684 1301 Meteoro-
2715 1259 2803 1303 640

477 1319 721 1373 logicam,
751 1318 1009 1372 integram
1037 1317 1078 1358 8ι
1105 1316 1353 1359 omnibus
1378 1315 1617 1370 partibus
1644 1315 1941 1359 absolutam
1967 1327 2074 1359 non
2101 1316 2214 1359 esse.
2247 1316 2387 1359 Nam
2416 1318 2588 1360 nullus
2617 1329 2683 1360 ex

476 1377 821 1429 Astronomis,
851 1380 909 1419 ut
938 1376 1181 1428 arbitror,
1213 1375 1437 1430 negabit,
1468 1374 1624 1429 ipfius
1650 1375 1827 1418 sedem
1852 1374 1990 1418 intra
2015 1376 2350 1418 Planetarum
2376 1376 2534 1420 orbes
2560 1386 2777 1421 con-15

475 1440 677 1480 tentam
699 1437 858 1487 fuisse,
888 1449 1050 1490 quarn
1077 1435 1262 1478 mundi
1280 1437 1490 1490 partem
1510 1434 1805 1478 aetheream
1826 1434 2020 1477 dicunt.
2049 1435 2108 1479 Id
2128 1446 2253 1478 cum
2274 1438 2396 1478 ante
2416 1435 2535 1479 haec
2554 1438 2683 1479 tem-

475 1508 608 1550 pora
622 1496 871 1547 nonnulli,
888 1508 955 1538 ex
967 1495 1297 1550 Pythagorae,
1317 1494 1620 1537 Stoicorum
1635 1493 1675 1536 81
1690 1493 1918 1537 aliorum
1933 1494 2200 1546 sententia,
2219 1494 2334 1538 fieri
2347 1495 2488 1549 posse
2504 1494 2683 1539 assere-

475 1559 606 1607 rent,
624 1556 690 1598 ab
707 1555 821 1610 alijs
837 1554 1028 1598 acriter
1041 1554 1227 1608 repulsi
1241 1554 1369 1596 sunt.
1384 1553 1874 1597 Animaduertimus
1886 1565 2098 1608 quoque
2111 1554 2475 1597 Meteororum
2485 1554 2682 1610 figuras

476 1616 579 1658 fiue
599 1615 803 1658 formas
824 1614 1186 1657 diuerfissimas
1206 1613 1305 1657 esse
1325 1613 1481 1668 posse,
1503 1623 1601 1656 nec
1622 1613 1761 1655 intra
1781 1616 1954 1656 certas
1974 1615 2147 1656 metas
2166 1613 2406 1656 inclusas.
2435 1614 2574 1657 Posse
2594 1614 2682 1657 eti-

475 1687 695 1717 amnum
719 1677 834 1717 tum
862 1674 1220 1725 Cometarum,
1246 1676 1362 1715 tum
1389 1672 1617 1716 aliorum
1645 1673 2009 1715 Meteororum
2036 1672 2231 1716 faciem
2259 1673 2473 1716 subinde
2500 1686 2533 1716 a
2559 1685 2681 1717 con·
2729 1683 2776 1718 20

476 1735 618 1777 sueta
643 1737 888 1777 ueterum
909 1733 1289 1776 obseruatione
1316 1731 1546 1775 alienam
1571 1731 1701 1784 fieri,
1730 1732 1796 1774 de
1822 1731 2001 1775 multis
2026 1731 2152 1775 item
2180 1732 2293 1788 alijs
2316 1732 2490 1784 rebus,
2519 1732 2680 1776 etiam

472 1793 525 1835 in
544 1794 812 1847 posterum
833 1805 931 1836 nos
952 1791 1357 1836 commonefieri
1379 1791 1535 1846 posse‚
1564 1803 1685 1846 quae
1707 1791 1776 1834 ad
1797 1791 2098 1846 augendam
2117 1795 2360 1835 ueterum
2382 1791 2679 1836 docf'trinam

474 1851 720 1907 spectant.
754 1852 885 1894 Mihi
914 1852 1035 1895 sane
1065 1852 1169 1895 hoc
1197 1851 1350 1894 Sidus
1380 1850 1735 1895 corroborare
1764 1850 1900 1893 inter
1928 1853 2126 1894 caetera
2151 1851 2361 1894 uidetur
2387 1851 2497 1895 Ioh.
2525 1852 2679 1895 Penae

473 1912 792 1966 opinionem,
827 1912 915 1966 qui
943 1910 1137 1954 reiedta
1167 1911 1453 1966 Regionum
1478 1910 1628 1953 Aeris
1658 1909 2022 1964 discrepantia,
2053 1910 2183 1966 ignis
2214 1922 2425 1965 quoque
2455 1911 2678 1965 Sphaera
2727 1914 2755 1957 ’ξ’

472 1972 690 2023 sublata,
720 1971 1005 2014 arbitratur
1026 1973 1207 2013 aerem
1228 1970 1554 2021 continuum,
1583 1969 1785 2023 absque
1807 1970 1915 2012 ulla
1935 1970 2178 2013 materiae
2199 1970 2512 2022 diuersitate,
2536 1983 2567 2013 a
2587 1982 2677 2014 no·
2726 1981 2772 2015 25

473 2031 575 2073 stro
595 2031 707 2073 uisu
728 2030 797 2073 ad
817 2033 1084 2073 extremas
1103 2041 1272 2084 usque
1292 2029 1479 2072 Stellas
1500 2028 1726 2072 extendi.
1755 2029 1834 2072 De
1856 2041 1961 2083 qua
1979 2032 2163 2072 tamen
2183 2029 2446 2084 opinione,
2473 2030 2526 2072 in
2545 2042 2678 2085 prae-

473 2090 633 2133 sentIa
658 2090 785 2132 nihil
814 2090 1037 2133 statuere
1063 2091 1203 2133 uolo.
1232 2090 1292 2131 Et
1311 2091 1370 2131 ut
1389 2089 1458 2131 ad
1478 2088 1631 2131 Sidus
1658 2086 1856 2131 did’tum
1881 2091 2231 2141 reuertamur,
2259 2089 2599 2132 constitutum
2624 2090 2677 2132 id

471 2149 567 2191 fuit
586 2149 723 2192 intra
744 2149 1027 2203 Cassiopeae
1048 2149 1297 2199 formam,
1325 2149 1366 2191 8ι
1393 2159 1517 2191 cum
1542 2147 1709 2190 tribus
1734 2147 1890 2201 ipfius
1910 2147 2096 2200 Stellis,
2126 2160 2246 2202 quae
2268 2148 2454 2191 suntin
2474 2149 2674 2201 ordine,

472 2209 714 2260 secunda,
738 2211 943 2262 quarta,
967 2208 1007 2250 8ι
1028 2208 1363 2259 duodecima,
1386 2206 1612 2251 Rhombi
1630 2206 1859 2261 figuram
1877 2207 2020 2260 quafi
2041 2208 2126 2251 uel
2139 2208 2356 2263 trapezij
2375 2208 2673 2263 effingebat.

469 2268 749 2322 Plerosque
765 2267 1107 2311 Rhomboidis
1123 2267 1474 2322 appellatione
1487 2267 1609 2310 usos
1623 2266 1721 2309 esse
1735 2266 1909 2318 uideo,
1933 2266 2035 2318 sed,
2058 2270 2114 2309 ut
2134 2267 2337 2322 opinor,
2359 2267 2534 2310 minus
2554 2279 2677 2311 con·
2725 2277 2771 2312 30

470 2339 610 2381 grue,
641 2327 894 2381 quoniam
915 2327 1153 2381 opposita
1174 2326 1284 2369 eius
1304 2326 1489 2381 figurae
1508 2327 1679 2368 latera
1697 2324 1916 2368 minime
1937 2326 2292 2370 cernebantur
2312 2326 2410 2370 esse
2429 2327 2674 2381 aequalia.

468 2386 701 2429 Adhaefit
721 2386 888 2429 ferme
903 2387 1095 2430 Coluro
1111 2384 1592 2440 AEquinocstiorum,
1613 2387 1672 2427 ut
1691 2384 1803 2428 eius
1816 2385 2059 2429 Ascenfio
2079 2384 2240 2437 recsta,
2261 2385 2352 2428 uix
2370 2397 2478 2429 uno
2494 2386 2676 2429 Gradu

470 2446 536 2488 ab
563 2445 765 2501 integro
787 2445 1098 2499 AEquatoris
1125 2446 1324 2488 circulo
1351 2445 1592 2488 abfuerit.
1623 2444 1919 2498 Longitudo
1947 2444 2059 2487 eius
2085 2445 2416 2488 referebatur
2439 2446 2508 2488 ad
2532 2445 2676 2500 septi-

467 2518 618 2547 mum
645 2506 884 2548 Gradum
909 2505 1080 2547 Tauri.
1111 2505 1358 2548 Latitudo
1386 2507 1501 2547 erat
1525 2505 1574 2546 P.
1596 2503 1668 2546 54.
1698 2503 1837 2558 Sept.
1864 2503 2159 2548 Declinatio
2187 2505 2254 2548 ab
2276 2504 2493 2558 AEquat.
2516 2504 2588 2548 62.
2612 2505 2671 2548 G.

469 2564 636 2607 Multa
655 2564 708 2607 in
729 2576 792 2607 eo
815 2564 1166 2607 admiratione
1189 2564 1345 2619 digna
1366 2565 1764 2607 concurrerunt.
1788 2563 1824 2605 Ι.
1847 2562 2040 2606 Forma
2061 2575 2182 2618 quae
2203 2566 2318 2607 erat
2337 2564 2512 2607 Stellae
2533 2564 2674 2608 Fixae
2724 2573 2770 2608 35

467 2624 740 2675 fimillima,
769 2624 970 2678 absque
990 2624 1097 2666 ulla
1118 2635 1278 2667 coma
1299 2626 1389 2666 aut
1410 2634 1538 2666 area
1557 2621 1891 2665 circumfusa.
1921 2622 1982 2666 11.
2007 2623 2164 2666 Color
2188 2624 2409 2676 lucidus,
2439 2623 2675 2667 scintilla-

465 2683 608 2726 tione
628 2683 890 2737 prioribus
911 2683 1111 2735 diebus,
1134 2683 1286 2726 Fixas
1300 2683 1487 2725 Stellas
1508 2681 1879 2724 aemulabatur.
1902 2681 2018 2736 Ipso
2033 2683 2160 2726 Ioue
2180 2683 2353 2726 maius
2373 2683 2414 2725 81
2434 2683 2672 2735 lucidius,

468 2742 553 2785 sed
567 2742 759 2785 Veneri
777 2742 1136 2797 magnitudine
1157 2742 1312 2785 facile
1333 2741 1488 2785 cessit.
1511 2742 1572 2784 Et
1591 2752 1716 2784 cum
1737 2741 1871 2784 duos
1892 2742 2098 2785 menses
2117 2743 2202 2786 uel
2223 2742 2432 2785 circiter
2451 2755 2674 2797 apparu-

465 2801 587 2853 isset,
618 2802 959 2845 rubicundius
988 2802 1104 2844 fieri
1133 2802 1286 2856 cepit,
1317 2805 1373 2844 ut
1400 2801 1562 2844 etiam
1589 2800 1775 2843 Martis
1803 2800 2054 2844 ardorem
2080 2802 2331 2845 uinceret.
2363 2801 2466 2844 Sed
2493 2802 2673 2856 postea

464 2861 705 2914 pallidius
725 2861 919 2903 iterum
937 2860 1159 2904 fac‘tum:
1183 2862 1269 2903 III.
1294 2861 1472 2904 Motus
1491 2860 1614 2903 huic
1630 2859 1797 2902 Sideri
1816 2860 1988 2903 nullus
2010 2864 2139 2913 erat,
2162 2863 2385 2915 excepto
2407 2872 2488 2912 eo,
2512 2873 2670 2915 quern
2721 2870 2767 2904 4ο

465 2931 589 2962 curn
602 2920 771 2963 Stellis
783 2921 917 2963 Fixis
930 2932 1273 2964 communem
1288 2920 1463 2963 habeb
1470 2922 1538 2962 at.
1555 2919 1899 2972 Eundemque
1912 2931 2071 2973 quem
2086 2920 2260 2975 primo
2274 2920 2460 2963 habuit
2473 2921 2668 2973 locum,

465 2979 711 3033 deinceps
734 2980 938 3034 semper
956 2979 1180 3023 retinuit.
1204 2980 1315 3022 1111.
1340 2978 1592 3022 Distantia
1607 2978 1654 3021 ei
1668 2990 1700 3020 a
1713 2981 1857 3021 terra
1869 2980 2018 3021 tanta
2031 2979 2143 3032 fuit,
2165 2982 2223 3022 ut
2237 2991 2301 3023 ea
2316 2979 2515 3034 percipi
2527 2980 2670 3023 nullo

464 3039 627 3081 modo
648 3039 890 3092 potuerit,
913 3039 1003 3081 nifi
1026 3039 1169 3093 quod
1190 3038 1575 3093 deprehensum
1595 3038 1669 3089 fit,
1690 3037 1828 3080 intra
1847 3037 2017 3081 Orbes
2031 3039 2381 3090 Planetarum,
2405 3042 2496 3081 aut
2517 3039 2670 3093 supra

464 3108 556 3140 eos
586 3099 908 3141 collocatum
938 3098 1095 3141 fuisse.
1129 3098 1247 3141 Hoc
1278 3098 1420 3141 enim
1448 3097 1728 3140 Artificum
1759 3096 2226 3141 obseruationibus
2256 3098 2670 3152 comprobatum

463 3156 549 3208 est,
572 3157 611 3198 81
634 3157 722 3210 qui
743 3157 984 3200 omnium
1003 3157 1400 3212 praestantissimi
1421 3157 1462 3198 81
1483 3153 1844 3211 diligentissimi
1861 3155 1915 3198 in
1935 3156 2039 3200 hoc
2061 3168 2250 3212 genere
2269 3157 2497 3208 fuerunt,
2524 3157 2670 3200 omni
2718 3166 2764 3200 45

462 3216 722 3258 Parallaxi
740 3216 795 3258 id
814 3219 1031 3259 exutum
1053 3216 1195 3260 fuisse
1216 3216 1505 3259 affirmant.
1533 3216 1666 3258 Earn
1687 3214 1755 3258 ob
1777 3214 2027 3268 caussam,
2053 3219 2200 3259 certa
2220 3216 2268 3260 ei
2289 3216 2434 3259 sedes
2456 3216 2668 3259 attribui

462 3285 569 3316 non
589 3275 771 3328 potuit.
804 3276 942 3318 Nam
962 3276 1083 3318 licet
1103 3276 1144 3318 81
1165 3276 1437 3327 Saturnus,
1461 3274 1606 3318 omni
1627 3274 1924 3317 diuersitate
1945 3274 2182 3329 aspectus
2203 3278 2371 3327 caret;
2398 3279 2580 3318 tamen
2601 3287 2668 3318 ex

462 3333 676 3387 proprio
702 3333 857 3388 ipfius
883 3338 1048 3386 motu,
1078 3335 1118 3376 8ι
1146 3335 1257 3390 alijs
1286 3333 1663 3385 accidentibus,
1692 3333 1803 3376 eius
1830 3332 2069 3377 distantia
2096 3334 2300 3378 definiri
2326 3334 2514 3389 potuit;
2545 3346 2666 3389 quae

463 3392 783 3435 adminicula
812 3394 933 3437 huic
961 3394 1128 3437 Sideri
1153 3394 1365 3449 prorsus
1391 3404 1498 3437 non
1526 3393 1824 3436 adfuerunt.
1853 3392 1914 3436 V.
1942 3394 2177 3436 Tandem
2208 3393 2416 3437 duratio
2445 3393 2664 3445 insolita,

2475 3455 2664 3506 uideri
