2976 4264
489 342 558 393 86
991 340 1600 392 ASTRONOMIAE
1626 339 2191 393 INSTAURATAE

481 482 699 550 sentet,
720 480 835 547 sed
845 480 1232 547 peculiarem
1245 478 1521 547 speciem
1536 483 1732 548 putat,
1763 482 1838 534 de
1859 496 1980 548 qua
2000 483 2323 536 Lucanus:
2342 484 2567 551 Ignota
2588 483 2686 537 ob·
2736 495 2764 538 τ

481 553 687 620 scurae
709 552 999 605 uiderunt
1019 550 1241 604 Sidera
1260 549 1489 604 noctes,

559 626 693 675 Vtvt
719 630 918 675 autem
946 622 1204 674 Gemma
1231 621 1387 674 hanc
1413 623 1588 687 ipfius
1614 623 1993 685 Sententiam,
2021 624 2181 688 quod
2208 624 2487 677 Cometas
2513 625 2687 678 Coelo

488 698 812 746 imitatione
839 694 1119 744 Veterum
1146 694 1524 757 quorundam
1549 693 2041 759 Philosophorum
2066 696 2312 760 assignet‚
2342 698 2579 760 reijciat,
2606 703 2687 748 at-

487 773 685 817 tamen
704 780 845 815 vero
865 766 1062 815 verius
1084 764 1173 825 est,
1197 764 1476 816 Cometas
1490 767 1553 816 in
1569 765 1742 818 Coelo
1762 765 1901 830 ips0,
1921 781 2046 817 non
2060 765 2418 819 Elementari
2431 767 2689 833 Regione
2739 784 2761 819 5

487 838 796 901 procreari.
826 835 895 886 Et
914 835 1154 886 Veteres
1173 835 1258 886 illi
1278 835 1632 900 Philosophi,
1660 836 2051 898 DemocrituS,
2075 837 2482 903 AnaxagoraS,
2510 838 2563 890 &
2588 838 2685 904 alij

488 914 622 959 ante
643 906 1025 966 Aristotelem,
1053 912 1179 957 tum
1200 909 1377 958 etiam
1398 907 1637 968 Seneca,
1665 908 1786 972 post
1806 908 2010 972 ipsum,
2037 908 2225 960 multo
2251 907 2461 962 rectius
2481 909 2553 961 de
2574 909 2689 962 Co-

487 980 654 1029 metis
681 976 1075 1041 philosophati
1100 977 1245 1038 sunt,
1275 994 1457 1042 quam
1476 978 1591 1039 ille,
1615 978 1747 1030 licet
1768 982 1894 1030 eius
1914 978 2261 1031 Authoritas
2281 980 2432 1032 adeo
2457 980 2689 1033 inualu-

488 1052 609 1109 erit,
636 1055 696 1099 vt
724 1048 827 1112 ipfi
855 1051 1049 1112 potius
1078 1047 1258 1100 fidem
1288 1052 1679 1101 communiter
1707 1053 1770 1101 in
1796 1049 2023 1102 Scholis
2049 1050 2488 1116 Philosophiam
2515 1051 2690 1116 profi-

486 1126 687 1180 tenteS,
716 1118 1105 1171 adhibuerint.
1134 1120 1203 1171 Et
1228 1120 1467 1184 ipsemet
1489 1120 1748 1173 Gemma
1772 1123 1836 1172 in
1856 1121 2108 1174 Cometa
2134 1124 2544 1186 quinquennio
2569 1122 2691 1187 post
2744 1138 2786 1173 10

486 1191 828 1255 prodeunte,
858 1191 992 1242 satis
1022 1194 1312 1255 cognouit,
1344 1207 1445 1243 eos
1474 1195 1537 1243 in
1564 1192 1738 1244 Coelo
1764 1194 2047 1258 generari,
2078 1208 2202 1244 non
2226 1192 2404 1258 vsque
2433 1193 2601 1255 aden,
2630 1200 2691 1246 vt
2739 1197 2767 1240 ἢ·

487 1269 662 1314 antea
681 1265 925 1326 putauit,
947 1262 1263 1314 absurdum
1284 1263 1403 1315 esse.

558 1334 767 1384 Vtrum
780 1349 922 1385 vero
936 1333 1066 1385 haec
1081 1333 1260 1386 Stella
1272 1337 1507 1399 proprie
1519 1334 1770 1387 Cometa
1784 1351 1821 1387 a
1835 1334 2113 1387 Munofio
2128 1334 2469 1400 appelletur,
2485 1351 2690 1400 quam-

486 1407 578 1455 uis
590 1420 723 1456 eam
733 1403 978 1457 Od‘tauae
991 1404 1254 1469 Sphaerae
1266 1421 1390 1457 non
1400 1408 1618 1457 iniuria
1629 1405 1843 1471 affigat,
1854 1406 2186 1458 existimans
2196 1406 2344 1458 forte
2356 1422 2481 1458 non
2489 1406 2692 1459 saltem

486 1478 548 1526 in
567 1475 783 1539 septem
797 1476 1176 1528 Planetarum
1192 1477 1464 1537 Orbibus,
1484 1477 1580 1529 sed
1602 1477 1654 1528 &
1673 1477 1791 1528 illic
1807 1477 2087 1530 Cometas
2103 1493 2542 1542 nonnunquam
2557 1494 2689 1543 pro·
2743 1494 2785 1529 1⁵

487 1547 625 1607 dire,
647 1547 722 1606 id,
743 1549 1006 1612 inquam,
1029 1564 1108 1600 an
1123 1554 1519 1612 competenter
1531 1548 1587 1600 se
1601 1547 1834 1609 habeat,
1849 1565 1973 1601 non
1988 1549 2251 1601 dixerim.
2273 1549 2517 1601 Videtur
2531 1552 2692 1601 enim

486 1620 661 1669 nimis
687 1618 803 1670 late
830 1619 991 1671 abuti
1013 1619 1399 1671 Cometarum
1425 1619 1734 1680 vocabule,
1760 1635 1868 1684 pro
1895 1623 2060 1672 omni
2085 1619 2492 1672 Phaenomeno
2517 1620 2690 1673 Coelo

486 1692 719 1740 nouiter
729 1690 919 1742 ascito.
931 1691 1000 1742 Et
1010 1690 1209 1742 licetid
1218 1691 1416 1742 dextre
1427 1691 1865 1756 interpretando
1877 1691 2252 1756 aliquatenus
2264 1691 2505 1743 concedi
2515 1692 2690 1756 possit,

485 1763 670 1825 magis
690 1767 890 1813 tamen
910 1765 1143 1826 proprie
1165 1762 1344 1814 Stella
1364 1762 1614 1814 dicenda
1632 1762 1756 1823 fuit,
1779 1778 1961 1827 quam
1976 1762 2243 1824 Cometa,
2264 1763 2398 1815 ideo
2419 1763 2579 1827 quod
2598 1778 2690 1828 ge-

485 1835 684 1884 nuinis
715 1832 906 1885 Stellis
936 1849 1118 1898 quam
1149 1833 1421 1886 fimilima
1449 1836 1713 1894 extiterit,
1746 1833 2015 1898 nihilque
2046 1833 2230 1886 ferme
2262 1849 2399 1886 cum
2428 1834 2690 1886 Cometis
2739 1849 2786 1884 20

486 1905 980 1968 aequiparandum
999 1905 1286 1966 habuerit,
1314 1904 1419 1956 nifi
1440 1905 1600 1969 quod
1620 1905 1944 1970 aliquando
1964 1907 2260 1970 inceperit,
2288 1905 2341 1957 &
2365 1904 2562 1970 postea
2587 1906 2690 1957 esse

486 1975 724 2027 deflerit.
753 1976 966 2040 Neque
994 1979 1173 2028 etiam
1196 1976 1347 2028 vllos
1374 1979 1563 2028 crines
1590 1983 1693 2028 aut
1719 1992 1921 2029 comas
1946 1976 2169 2037 habuit,
2195 1977 2350 2029 vnde
2373 1976 2617 2029 Crinitae
2639 1976 2691 2028 &

487 2048 752 2099 Cometae
774 2048 1248 2100 denominantur.
2094 2049 2098 2053 ’

557 2118 946 2170 Existimarim
965 2122 1160 2184 potius
1181 2134 1288 2184 ego
1311 2118 1592 2171 Cometas
1611 2118 1982 2171 solummodo
2008 2121 2162 2171 intra
2186 2118 2403 2183 septem
2422 2118 2689 2171 Planeta-

486 2206 619 2241 rum
646 2206 780 2242 oras
799 2190 1031 2252 versari,
1059 2191 1214 2242 vnde
1241 2193 1419 2242 etiam
1444 2196 1674 2242 motum
1694 2191 1994 2255 quendam
2019 2190 2336 2242 sortiuntur
2360 2192 2667 2255 proprium
2676 2206 2688 2251 ;
2739 2205 2785 2240 25

486 2261 737 2325 ideoque
765 2262 926 2326 quafi
951 2262 1440 2327 pseudoplanetas
1467 2261 1750 2326 quosdam
1777 2263 1896 2323 esse,
1925 2264 2038 2313 cito
2061 2268 2262 2313 tamen
2282 2261 2689 2314 consumman-

487 2332 609 2384 dos.
639 2334 862 2385 Verum
892 2349 1027 2397 quae
1056 2336 1119 2385 in
1150 2331 1380 2386 Octaua
1406 2332 1654 2397 Sphaera
1684 2332 1866 2397 (quod
1894 2335 2085 2385 rarius
2115 2331 2414 2398 contingit)
2446 2332 2692 2385 existunt

487 2420 650 2455 noua
671 2405 955 2469 Corpora,
983 2404 1196 2456 Affixis
1217 2404 1407 2457 Stellis
1427 2406 1622 2468 potius
1643 2404 2060 2469 comparanda,
2088 2410 2264 2469 atque
2286 2419 2358 2455 ex
2377 2403 2491 2456 illis
2512 2404 2690 2456 deno-

487 2476 772 2528 minanda
792 2477 911 2537 esse,
934 2478 1358 2541 competentius
1378 2475 1664 2527 duxerim.

555 2546 823 2612 Disputat
838 2550 1016 2599 etiam
1029 2547 1344 2600 Cornelius
1358 2547 1618 2599 Gemma
1629 2562 1703 2598 ex
1714 2546 2138 2599 Scintillatione
2150 2545 2362 2607 Stellae,
2379 2545 2693 2599 Cometam
2742 2562 2788 2597 30

484 2634 608 2669 non
628 2617 799 2680 fuisse,
823 2635 958 2671 cum
977 2619 1063 2670 illi
1083 2634 1397 2683 nunquam
1410 2617 1739 2678 scintillent;
1760 2618 1938 2682 idque
1953 2633 2077 2670 non
2090 2619 2579 2670 inconuenienter
2593 2617 2692 2670 ad-

484 2689 656 2750 ducit,
676 2689 726 2740 &
742 2691 900 2754 quod
915 2690 1227 2742 Munofius
1243 2693 1339 2750 ait,
1361 2689 1490 2741 dari
1504 2705 1742 2754 quoque
1758 2689 2043 2753 quosdam
2058 2688 2338 2741 Cometas
2352 2688 2470 2740 fine
2486 2688 2692 2750 cauda,

485 2758 636 2812 recte
658 2761 897 2824 quidem
918 2762 1182 2813 concedit
1204 2761 1480 2822 Gemma,
1502 2767 1680 2825 atque
1700 2760 1888 2812 multo
1908 2758 2119 2812 rectius
2139 2759 2328 2821 infert,
2349 2765 2695 2812 nontamen

485 2831 701 2895 absque
723 2832 955 2883 caesarie
977 2835 1260 2897 omnique
1283 2832 1528 2884 effluuio
1550 2830 1899 2896 conspecto&
1925 2831 2062 2883 vllae
2084 2831 2358 2883 Historiae
2385 2830 2611 2883 docent.
2639 2830 2695 2882 Is

485 2918 665 2966 quem
679 2903 859 2954 Anno
875 2904 1002 2955 1585
1017 2904 1289 2965 vidimuS,
1306 2903 1536 2955 nullam
1551 2903 1792 2967 quidem
1806 2903 2074 2963 caudam,
2091 2918 2273 2967 quam
2287 2908 2444 2954 certo
2459 2901 2692 2967 cognos-
2743 2917 2790 2953 35

486 2989 615 3025 cere
642 2974 818 3034 licuit,
849 2975 1248 3038 protendebat,
1278 2981 1538 3026 attamen
1563 2974 1888 3026 fimbriolas
1915 2973 2198 3038 quasdam
2223 2973 2398 3025 instar
2425 2975 2693 3033 crinium,

485 3044 615 3096 luce
636 3044 951 3105 hebetiore‚
981 3052 1154 3110 prout
1173 3045 1548 3111 infinebulofis
1569 3051 1828 3110 apparet,
1853 3047 2313 3109 circumquaque
2335 3043 2613 3105 exhibuit,
2643 3043 2695 3096 &

486 3123 715 3168 motum
745 3116 978 3180 insuper
1006 3119 1312 3180 proprium
1341 3116 1666 3168 admodum
1696 3116 2032 3168 euidentem
2058 3115 2330 3176 obtinuit;
2359 3115 2514 3167 vnde
2544 3117 2695 3167 inter

452 3200 462 3217 ·
486 3188 767 3240 Cometas
795 3190 1005 3239 merito
1035 3187 1442 3239 numerandus
1472 3187 1595 3249 fuit,
1627 3188 1787 3252 quod
1816 3194 2017 3239 tamen
2045 3186 2185 3239 huic
2215 3187 2286 3239 de
2318 3201 2438 3250 qua
2466 3188 2695 3251 agimus

486 3258 698 3319 Stellae,
722 3274 856 3322 quae
874 3258 925 3310 &
941 3261 1105 3310 omni
1120 3258 1352 3310 caesarie
1371 3264 1656 3322 motuque
1677 3257 2104 3319 destituebatur,
2125 3257 2448 3322 lumenque
2469 3257 2696 3309 clarum
2744 3272 2791 3307 40

487 3330 538 3381 &
559 3330 798 3381 radians
818 3329 992 3381 instar
1012 3330 1158 3395 Syrij
1183 3329 1466 3389 vibrabat,
1487 3345 1611 3380 non
1631 3329 1764 3399 satis
1785 3335 1918 3393 apte
1939 3329 2285 3381 attribuitur.
2308 3323 2328 3396 ΙΙ

558 3401 666 3453 Ista
685 3403 838 3452 circa
858 3401 1204 3453 Munofium
1223 3399 1533 3460 sufficiant;
1562 3400 1623 3452 Si
1645 3403 1937 3465 integrum
1956 3399 2131 3464 ipfius
2152 3399 2444 3464 Scriptum
2464 3398 2693 3450 obtinu-
2726 3407 2813 3450 572

2450 3470 2694 3531 issemuS,
