2976 4264
443 353 512 404 36
945 345 1554 399 ASTRONOMIAE
1581 343 2146 395 INSTAURATAE

515 490 795 544 CAPITE
822 487 1161 546 DECIMO,
1189 486 1357 537 docet
1377 485 1854 536 Declinationem
1874 484 2124 535 alicuius
2143 483 2531 535 Phaenomeni
2557 487 2642 534 in-

442 565 663 621 uenire,
685 561 803 611 fiue
823 558 1159 610 Parallaxin
1178 556 1409 616 habeat,
1431 556 1549 606 fiue
1571 571 1710 615 non,
1733 561 1908 618 atque
1930 570 2003 605 ex
2022 554 2262 605 transitu
2281 570 2385 618 per
2402 555 2643 606 Meridi-

444 648 627 684 anum
640 630 1053 682 Ascenfionem
1073 626 1310 679 Redtam
1330 629 1473 686 eim,
1494 626 1589 677 vel
1610 641 1745 676 cum
1768 641 1885 689 quo
1906 623 2123 689 puncto
2146 625 2388 676 Coelum
2406 626 2643 684 mediat,

443 702 806 767 cognoscere;
841 699 1053 763 quibus
1086 698 1318 749 duobus
1350 697 1516 756 datis,
1550 696 2005 760 Longitudinem
2037 702 2213 759 atque
2247 695 2645 747 Latitudinem

441 773 840 839 superstruere,
868 786 992 821 non
1013 769 1088 820 est
1108 767 1358 820 difficile.
1386 767 1657 831 Haecque
1684 770 1747 818 in
1772 766 2153 831 locupletiore
2174 766 2413 817 Dialexi
2433 766 2508 818 ad
2530 766 2642 819 Ca-

439 850 544 908 put
575 842 768 894 XVIII
805 841 1079 899 referenS,
1119 838 1406 903 copiofius
1439 844 1615 901 atque
1647 835 1957 902 perfectius
1990 840 2314 901 exequitur,
2355 843 2646 901 quantum

439 914 756 978 praesertim
771 912 846 963 ad
861 910 1303 962 Declinationes
1318 909 1746 960 constituendas
1761 911 1980 968 attinet,
2000 914 2061 959 vt
2074 908 2210 959 visae
2225 924 2262 959 a
2274 910 2428 959 veris
2443 907 2645 959 discer-

440 991 672 1043 nantur,
700 983 741 1033 fi
767 998 887 1046 qua
905 981 1079 1032 fuerit
1099 996 1306 1032 earum
1326 979 1671 1031 differentia.
1693 979 1918 1030 Verum
1938 994 2074 1030 cum
2095 978 2195 1030 ista
2214 981 2428 1043 partim
2447 978 2647 1030 locum

440 1055 674 1106 nullum
700 1057 762 1104 in
788 1052 900 1104 hac
921 1052 1100 1104 Stella
1123 1057 1478 1111 mereantur,
1505 1053 1720 1114 partim
1745 1065 1849 1114 per
1874 1050 1930 1101 se
1955 1052 2090 1101 trita
2109 1056 2286 1114 atque
2307 1049 2504 1101 facilia
2522 1049 2644 1110 fint‚

439 1126 580 1177 nolo
603 1127 673 1189 ijs
694 1123 1063 1175 discutiendis
1083 1124 1405 1182 immorari,
1432 1121 1752 1185 praesertim
1778 1121 1938 1185 quod
1964 1120 2198 1172 nullum
2225 1120 2563 1185 exemplum
2582 1123 2646 1171 in

439 1197 552 1248 hac
573 1196 754 1246 Noua
775 1194 954 1246 Stella
973 1193 1091 1244 illic
1111 1193 1304 1254 addat,
1325 1192 1421 1244 sed
1441 1193 1500 1244 id
1521 1192 1596 1244 ad
1616 1192 1864 1256 sequens
1885 1192 2081 1255 Caput
2101 1194 2340 1257 reijciat.
2370 1191 2572 1255 Quare
2594 1191 2646 1242 81

440 1283 550 1318 nos
570 1266 683 1317 hoc
703 1264 901 1317 relidto
921 1265 1067 1316 illud
1087 1264 1508 1329 aggrediemur.

516 1406 798 1459 CAPITE
817 1406 931 1457 VN
936 1405 1275 1466 DECIMO,
1302 1405 1503 1457 locum
1523 1405 1721 1456 Nouae
1742 1404 1937 1456 Stellae
1957 1407 2021 1455 in
2040 1404 2300 1456 Zodiaco
2326 1404 2647 1456 secundum

443 1478 896 1543 Longitudinem
912 1477 963 1528 &
977 1477 1228 1528 Latitud.
1250 1476 1595 1540 inuestigare
1615 1475 1866 1535 laborat;
1888 1475 2065 1539 idque
2087 1491 2160 1527 ex
2179 1474 2471 1540 Tempore
2491 1481 2647 1526 tran-

442 1549 577 1600 fitus
608 1565 712 1613 per
743 1548 1166 1608 Meridianum‚
1196 1563 1317 1599 vna
1346 1563 1483 1599 cum
1510 1547 1837 1598 Altitudine
1868 1546 2122 1610 ideoque
2153 1545 2206 1597 &
2235 1546 2648 1598 Declinatione

442 1621 594 1680 data,
621 1620 719 1671 vbi
747 1635 818 1671 ea
844 1635 979 1683 quae
1006 1619 1082 1671 ad
1109 1618 1683 1670 REISACHERVM
1712 1617 1825 1669 hac
1852 1618 1924 1669 de
1950 1633 2013 1668 re
2041 1620 2204 1681 prius
2234 1616 2648 1682 perscripserat,

440 1698 728 1755 tanquam
740 1693 939 1741 minus
953 1697 1081 1742 rata
1095 1688 1379 1750 retrac'tat,
1393 1689 1916 1752 emendatioraque
1930 1688 1985 1740 se
1999 1687 2432 1752 propositurum
2445 1688 2648 1752 sperat.

443 1762 536 1814 De
565 1764 637 1827 ijs
665 1764 863 1826 itaque
891 1777 1026 1825 quae
1053 1761 1129 1812 ad
1156 1759 1570 1812 Reisacherum
1594 1759 1861 1820 scribenS‚
1892 1762 2219 1820 annotauit,
2251 1774 2387 1811 cum
2412 1759 2651 1823 ipsemet

442 1836 605 1885 irrita
630 1835 842 1897 cupiat,
869 1831 1020 1883 nihil
1046 1832 1382 1897 adiungam,
1409 1831 1612 1883 saltem
1633 1846 1705 1883 ea
1724 1846 1860 1895 quae
1881 1830 1995 1882 hoc
2016 1830 2225 1894 Capite
2251 1832 2528 1895 proponit
2554 1845 2649 1882 ex-

443 1907 678 1956 cutiam.
705 1904 929 1955 Verum
961 1906 1103 1967 quia
1132 1903 1279 1954 illud
1309 1905 1373 1953 in
1404 1908 1693 1954 renouata
1723 1902 1827 1954 sua
1859 1901 2112 1962 Dialexi,
2146 1901 2350 1965 aliqua
2381 1917 2454 1953 ex
2485 1907 2649 1966 parte

444 1981 738 2027 mutatum
758 1972 1116 2038 auctumque
1136 1976 1382 2038 reperi0,
1403 1979 1593 2025 totum
1613 1972 2119 2037 quemadmodum
2135 1972 2253 2024 illic
2266 1971 2532 2033 habetur,
2553 1973 2651 2024 vbi

445 2046 714 2097 Numero
737 2045 812 2096 est
831 2046 905 2105 19,
925 2044 1023 2096 hic
1044 2045 1342 2096 ascribam.
1365 2044 1458 2096 Sic
1479 2047 1639 2096 enim
1660 2059 1733 2095 ex
1753 2059 1873 2108 quo
1894 2044 2042 2095 alias
2062 2059 2187 2095 non
2208 2049 2376 2104 extet,
2398 2043 2650 2108 disquifi-

443 2119 620 2168 tionis
640 2119 806 2177 ratiO,
828 2116 1197 2167 commodius
1217 2118 1280 2166 in
1299 2121 1536 2179 promtu
1556 2117 1678 2166 erit.
1704 2110 1725 2183 ΙΙ

447 2257 715 2310 CAPUT
733 2258 876 2309 XIX
898 2256 1476 2310 LOCUPLETATAE
1499 2256 1951 2309 DIALEXEOS
1970 2256 2390 2317 THADDAEI,
2416 2255 2651 2320 QUOD

968 2340 1054 2391 IN
1080 2340 1337 2392 PRIORI
1365 2339 1572 2391 ERAT
1595 2339 2127 2391 VNDECIMUM.

638 2420 991 2471 QUOMODO
1017 2420 1233 2463 VERUS
1261 2419 1482 2463 LOCUS
1510 2419 1733 2463 NOUAE
1759 2419 2042 2462 STELLAE
2068 2419 2140 2461 IN
2166 2419 2463 2463 ZODIACO

798 2490 1174 2534 SECUNDUM
1203 2490 1734 2534 LONGITUDINEM
1763 2491 1804 2533 81
1831 2490 2300 2534 LATITUDINEM

1333 2561 1767 2605 INUENIATUR.

521 2632 952 2676 Demonstratum
978 2632 1049 2675 est
1069 2632 1249 2687 Capite
1268 2632 1329 2675 V.
1357 2633 1498 2676 hanc
1519 2632 1732 2675 Nouam
1753 2632 1971 2675 Stellam
1998 2643 2216 2675 omnem
2242 2632 2454 2687 prorsus
2480 2633 2655 2676 exclu-

450 2692 575 2735 dere
587 2691 896 2734 Parallaxin.
920 2692 1096 2735 Locus
1115 2691 1270 2746 igitur
1287 2691 1421 2734 illius
1440 2691 1580 2734 uisus
1593 2691 1737 2735 idem
1751 2692 1849 2735 erit
1863 2703 1987 2734 cum
2001 2702 2147 2735 uero.
2171 2691 2457 2743 Quomodo
2473 2694 2653 2735 autern

449 2751 492 2794 is
512 2751 857 2794 inueniendus
877 2751 951 2802 fit,
974 2753 1082 2793 tres
1101 2751 1187 2794 hic
1208 2750 1612 2805 praescribemus
1633 2751 1841 2795 modos.
1869 2751 2073 2794 Priores
2094 2751 2200 2794 duo
2222 2751 2505 2802 docebunt,
2533 2763 2656 2794 eun-

450 2810 573 2853 dem
598 2809 833 2853 inuenire
860 2821 926 2852 ex
953 2811 1205 2853 alterutra
1225 2810 1401 2853 Stellae
1429 2810 1725 2853 Meridiana
1750 2810 2050 2862 Altitudine,
2078 2821 2208 2853 uera
2233 2811 2389 2864 ipfius
2416 2810 2656 2853 Declina-

448 2869 607 2921 tione,
636 2869 677 2911 8ι
703 2867 896 2923 puncfto
924 2869 1259 2912 mediationis
1280 2869 1422 2912 Coeli.
1450 2869 1652 2912 Tertius
1676 2881 1807 2913 uero
1834 2870 2065 2913 eundem
2089 2869 2316 2924 inquiret
2342 2881 2408 2912 ex
2430 2869 2565 2912 illius
2586 2870 2656 2912 ad

449 2928 652 2971 uicinas
673 2928 765 2971 fibi
784 2928 972 2970 Stellas
992 2928 1246 2971 distantia.
1274 2929 1512 2971 Priorum
1533 2929 1821 2972 modorum
1842 2930 2070 2971 alterurn
2096 2929 2516 2983 perscripseram,
2543 2928 2653 2971 iam

451 2990 573 3030 ante
606 2988 674 3029 ad
707 2987 1163 3030 Bartholomaeum
1195 2987 1579 3039 Reisacherum,
1614 2999 1775 3041 quem
1806 2988 1891 3031 ille
1924 2988 2014 3031 suo
2045 2987 2247 3031 Libello
2281 2987 2533 3039 adiunxit,
2568 2988 2656 3030 sed

452 3046 621 3090 obiter
641 3058 706 3089 ea
726 3058 758 3088 a
779 3057 866 3089 me
884 3049 1000 3088 tum
1027 3046 1193 3089 effusa
1217 3047 1410 3098 uerius,
1439 3058 1602 3100 quam
1627 3047 1916 3101 perscripta
1940 3047 2177 3090 fuerunt:
2207 3058 2270 3090 ac
2297 3046 2656 3090 demonstrata

451 3117 517 3148 ex
536 3105 821 3148 Altitudine
841 3105 1136 3148 Meridiana
1157 3105 1347 3157 Stellae,
1375 3117 1484 3149 non
1503 3118 1568 3149 ea
1589 3106 1804 3160 quidem
1824 3105 2028 3157 exacsta,
2058 3106 2145 3149 sed
2172 3118 2293 3160 quae
2312 3109 2428 3149 tum
2446 3105 2657 3149 ueritati

451 3176 615 3218 quam
628 3164 1056 3219 propinquissima
1071 3165 1299 3207 aliorum
1311 3164 1506 3208 iudicio
1520 3165 1707 3208 haberi
1720 3165 1903 3220 potuit.
1921 3165 2019 3208 Etsi
2034 3168 2214 3208 autern
2228 3168 2261 3208 a
2274 3165 2497 3208 ueritate
2510 3165 2657 3208 haud

450 3223 524 3266 ita
543 3224 772 3266 multum
793 3223 1018 3275 aberret,
1043 3226 1227 3266 tamen
1246 3224 1496 3278 cumipse
1516 3224 1765 3279 deinceps
1785 3236 1901 3267 rem
1921 3224 2147 3279 experiri
2166 3235 2435 3279 cuperem,
2465 3223 2656 3267 crebro

452 3282 685 3337 repetitis
698 3294 793 3336 per
807 3282 1187 3334 Quadrantem,
1204 3282 1561 3337 magnitudine
1575 3283 1848 3336 mediocri,
1864 3283 2384 3335 considerationibus,
2401 3285 2656 3326 accurata

452 3341 717 3396 diligentia
742 3341 1085 3395 depraehendi
1108 3341 1452 3384 Altitudinem
1477 3341 1632 3396 ipsius
1660 3342 2028 3394 Meridianam,
2060 3342 2159 3386 esse
2186 3342 2245 3385 20
2271 3342 2415 3398 grad.
2448 3342 2501 3384 15
2527 3341 2653 3384 min.

452 3400 565 3443 Fuit
583 3400 702 3443 haec
719 3400 1074 3444 Confideratio
1089 3400 1329 3444 omnium
1344 3401 1571 3443 aliarum
1585 3401 1849 3455 postrema
1864 3401 1961 3444 Die
1974 3401 2003 3444 6
2018 3400 2160 3456 Maij,
2181 3402 2318 3445 Anni
2336 3401 2447 3444 1573
2463 3400 2593 3444 Hor.
2610 3400 2652 3443 8.

2367 3462 2568 3526 Scrup.
2589 3462 2659 3514 29

2699 1136 2742 1171 10

2703 1563 2744 1597 15

2700 1917 2745 1952 20

2684 2264 2771 2307 522

2701 2355 2748 2390 25

2703 2698 2749 2733 30

2705 2994 2752 3029 35

2705 3289 2752 3324 40
