2976 4264
490 295 594 346 252
992 286 1602 342 ASTRONOMIAE
1629 287 2196 341 INSTAURATAE

491 433 540 476 se
553 432 801 482 habeant,
823 433 880 472 ut
893 430 968 472 XI
985 430 1053 472 ad
1066 429 1183 481 XO,
1205 429 1310 473 hoc
1326 428 1396 472 est
1410 428 1521 472 fere
1534 430 1593 471 ut
1606 427 1693 470 602
1708 427 1777 470 ad
1791 426 1893 471 601.
1915 426 2068 471 Vnde
2081 428 2270 483 Anguli
2286 429 2424 473 NEC
2439 430 2480 473 81
2494 430 2649 483 VCE,
2666 443 2699 474 a

488 490 641 534 reo‘tis
656 490 873 533 minime
888 488 1100 531 differre
1114 488 1453 531 uidebuntur:
1478 499 1604 530 cum
1619 498 1808 530 eorum
1823 486 2121 530 differentia
2135 491 2282 532 certo
2297 489 2461 533 modo
2477 489 2698 534 minima

489 552 561 593 sit.
585 548 771 592 Dud’tae
790 548 971 603 postea
992 559 1117 591 cum
1137 547 1331 590 fuerint
1344 548 1466 590 duae
1482 546 1787 601 diagonales
1802 546 1893 588 EV
1908 546 1948 588 81
1965 547 2073 598 NC,
2093 547 2454 591 terminabunt
2467 550 2698 605 Angulos

491 609 651 660 NEV,
675 609 715 650 8ι
735 608 875 650 ENC
895 607 1126 650 inuicem
1147 606 1257 650 fere
1277 607 1534 661 aequales:
1556 606 1699 649 idem
1722 605 1886 649 assero
1908 606 1973 649 de
1993 606 2208 662 Angulis
2228 607 2377 650 VCN
2397 608 2438 651 8ι
2459 609 2612 652 EVC.

534 664 537 669 ’
558 669 897 722 Supponatur
915 678 1055 710 nune
1077 666 1267 721 primo,
1288 668 1439 709 tuam
1460 665 1855 708 exhalationem
1878 665 2214 709 sublimatam
2228 666 2327 710 esse
2343 667 2412 710 ad
2427 667 2699 722 supremas
2748 677 2770 711 5

486 731 663 782 partes
677 726 1022 770 Elementaris
1038 725 1275 781 Regionis
1297 725 1500 769 circum
1520 725 1665 768 circa
1684 724 1881 768 lineam
1900 725 1997 769 01:
2020 728 2146 769 tunc
2168 727 2375 769 clarum
2396 727 2532 778 esset,
2555 729 2699 783 quod

488 788 522 830 fi
542 786 747 830 ratione
767 785 1071 829 huiusmodi
1092 784 1458 836 exhalationis,
1481 784 1641 828 Stella
1655 784 1700 827 X
1716 784 1789 827 ita
1802 784 1980 828 lucida
1993 784 2103 828 uisa
2118 785 2274 829 fuerit
2285 788 2400 829 tam
2415 787 2700 841 aspicienti-

487 848 586 890 bus
601 846 669 889 ab
684 846 737 897 E,
761 858 925 900 quam
946 845 1013 888 ab
1030 845 1083 896 C,
1105 844 1374 889 exhalatio
1396 843 1616 888 minoris
1635 843 1921 887 latitudinis
1943 856 2107 899 quam
2121 844 2222 887 VN
2238 845 2336 889 esse
2350 857 2459 889 non
2472 849 2697 901 poterat,

1913 903 2018 947 hoc
2052 904 2140 956 est,
2175 916 2339 959 quam
2369 905 2547 949 Terrae
2580 906 2700 950 Dia-

1911 966 2096 1015 meter‚
2131 975 2257 1007 cum
2289 963 2431 1008 idem
2460 964 2513 1008 in
2541 966 2699 1021 longi·
2752 973 2795 1008 lo

1910 1023 2091 1066 tudine
2110 1022 2222 1067 fere
2243 1024 2317 1076 fit,
2340 1024 2427 1068 sed
2444 1023 2699 1079 pund'tum

1910 1082 1958 1125 V
1970 1082 2090 1126 satis
2101 1082 2269 1126 uideri
2279 1084 2449 1138 potest
2460 1084 2527 1127 ab
2541 1085 2699 1128 oculo

1911 1141 1964 1185 in
1985 1143 2038 1195 E,
2060 1142 2102 1184 δι
2120 1141 2375 1197 pund'tum
2391 1143 2437 1186 N
2453 1143 2520 1187 ab
2542 1145 2699 1188 oculo

1910 1202 1964 1244 in
1975 1201 2013 1244 C
2024 1215 2034 1245 ι
2050 1204 2108 1245 ut
2120 1201 2252 1245 alias
2262 1201 2356 1246 tibi
2366 1203 2608 1258 probaui,
2621 1215 2701 1247 ra-

1910 1260 2053 1305 tione
2073 1260 2404 1305 refrad’cionis
2424 1262 2698 1306 radiorum
2753 1270 2794 1305 15

1910 1331 2006 1376 per
2016 1320 2221 1365 diuersa
2230 1321 2498 1376 diaphana
2507 1322 2699 1366 transe-

1910 1380 2132 1424 untium.
2150 1380 2302 1425 Nunc
2317 1380 2559 1436 produd’ti
2572 1393 2698 1426 cum

1911 1439 2105 1483 fuerint
2116 1440 2147 1495 ij
2165 1440 2272 1483 duo
2292 1440 2422 1497 radij
2440 1441 2532 1484 EV
2547 1441 2588 1483 8ι
2602 1441 2640 1484 C
2650 1441 2696 1484 N

1909 1511 2078 1554 usque
2108 1500 2177 1543 ad
2204 1498 2469 1543 Od’tauum
2496 1500 2698 1544 Orbem

1911 1559 1980 1602 ad
2005 1557 2201 1614 pund'ta
2221 1559 2254 1602 S
2276 1559 2317 1602 81
2337 1559 2406 1603 K:
2434 1560 2698 1615 reliquum
2746 1567 2793 1603 20

1910 1618 2008 1662 erit
2036 1629 2134 1662 nos
2162 1618 2345 1663 uidere
2377 1619 2698 1674 quantitates

1911 1677 2189 1721 Graduum
2207 1678 2379 1722 Arcus
2399 1678 2487 1721 SX
2514 1679 2555 1722 ἃ
2579 1679 2694 1723 ΚΧ.

1910 1737 2014 1781 Sed
2025 1737 2107 1780 SX
2119 1737 2564 1794 subiacetAngulo
2576 1738 2698 1782 SEX

1911 1798 1951 1839 δι
1967 1797 2068 1840 ΚΧ
2081 1797 2285 1853 Angulo
2303 1798 2464 1851 KCX,
2487 1798 2576 1853 qui
2591 1798 2698 1853 qui-

1910 1857 2034 1899 dem
2065 1857 2254 1912 Anguli
2287 1857 2415 1900 nihil
2447 1857 2698 1902 differunt
2746 1865 2792 1900 25

1911 1916 2226 1969 sensibiliter,
2271 1928 2336 1960 ac
2376 1917 2411 1960 fi
2450 1917 2609 1961 essent
2644 1917 2698 1960 in

1911 1976 2102 2019 Centro
2135 1976 2171 2019 Ι.
2213 1977 2273 2019 Et
2305 1988 2431 2020 cum
2464 1977 2697 2032 superius

1910 2035 2215 2088 dixerimus,
2248 2037 2468 2091 angulos
2494 2036 2629 2079 SEX
2655 2037 2697 2080 δι

1911 2094 2073 2146 KCX,
2127 2095 2426 2139 senfibiliter
2478 2096 2696 2140 minime

1910 2153 2124 2198 differre
2152 2154 2219 2198 ab
2243 2155 2458 2210 Angulis
2485 2156 2625 2199 CNE
2655 2156 2697 2199 81
2745 2161 2792 2198 30

1909 2213 2052 2265 EVC,
2067 2214 2102 2256 fi
2115 2215 2524 2269 cognouerimus
2537 2227 2698 2270 quan-

1908 2272 2114 2316 titatem
2127 2273 2363 2327 istorum,
2384 2274 2594 2329 cognita
2609 2275 2697 2318 eti-

1910 2344 2000 2375 am
2032 2332 2185 2376 nobis
2217 2333 2315 2377 erit
2347 2334 2612 2388 quantitas
2643 2334 2697 2377 il-

1910 2393 2101 2435 lorum.

1982 2451 2113 2494 Cum
2127 2451 2282 2507 igitur
2292 2452 2697 2496 Semidiameter
2745 2460 2792 2496 35

1861 2531 1864 2534 >
1909 2511 2256 2555 Elementaris
2271 2512 2509 2567 Regionis
2523 2512 2699 2556 maior

1909 2571 1969 2613 fit
1992 2570 2400 2615 semidiametro
2420 2571 2613 2624 Terrae,
2641 2574 2698 2615 ut

1908 2629 1966 2674 33
1979 2630 2048 2673 ad
2064 2630 2082 2672 l
2098 2643 2107 2673 :
2125 2631 2167 2673 ἃ
2181 2630 2412 2686 cogitata
2425 2631 2512 2674 CN
2522 2633 2581 2674 ut
2595 2631 2699 2675 dic-

1907 2693 1964 2733 ta
1979 2689 2398 2743 Semidiameter,
2415 2690 2538 2745 quia
2554 2690 2699 2734 senfi-

1909 2749 2081 2793 biliter
2095 2749 2162 2793 ab
2178 2761 2244 2793 ea
2263 2749 2482 2793 minime
2502 2749 2694 2802 differt,
2745 2757 2793 2792 40

1910 2819 2050 2852 nunc
2062 2809 2098 2851 fi
2111 2809 2435 2864 supponatur
2443 2807 2582 2852 diota
2592 2809 2694 2861 NC,

1908 2870 1966 2911 ut
1973 2868 2109 2911 basis
2117 2868 2693 2924 TrianguliOrthogonij

1909 2927 2008 2971 esse
2021 2927 2254 2982 partium
2273 2928 2460 2980 100000,
2477 2928 2518 2971 8ι
2533 2926 2695 2987 dixe—1

1908 2986 2075 3030 rimus
2101 2987 2137 3030 fi
2167 2987 2261 3030 CN
2290 2990 2348 3030 ut
2375 2986 2606 3042 partium
2637 2987 2665 3031 3
2728 2986 2815 3031 739

1908 3046 2114 3101 praebet
2150 3046 2304 3090 nobis
2343 3047 2427 3089 CE
2466 3047 2694 3090 duarum
2743 3054 2791 3089 45

1907 3105 2155 3160 partium,
2178 3105 2304 3160 quid
2317 3106 2470 3150 nobis
2484 3106 2695 3161 praesta÷

1908 3164 1983 3208 bit
2012 3164 2205 3208 eadem
2235 3165 2344 3215 CN,
2377 3169 2435 3209 ut
2462 3165 2695 3220 partium

1912 3223 2100 3276 100000,
2133 3224 2274 3268 unde
2302 3224 2578 3279 proueniet
2606 3235 2696 3268 no-

1909 3283 1989 3326 bis
2000 3283 2078 3326 CE
2089 3286 2147 3326 ut
2157 3283 2389 3338 partium
2399 3283 2532 3335 6060,
2546 3283 2695 3327 cuius

1907 3343 2141 3397 Angulus
2162 3343 2301 3386 CNE
2322 3343 2420 3386 erit
2434 3343 2593 3386 Grad.
2609 3343 2636 3386 3
2653 3343 2694 3385 81
2743 3349 2790 3385 5ο

2493 3428 2579 3480 Μ.
2601 3428 2687 3481 29.
