2976 4264
190 991 234 1026 10

190 1289 232 1324 15

187 2479 234 2514 35

164 3052 246 3095 591

187 3131 234 3166 45

659 309 1541 368 PROGYMNASMATUM
1567 315 1883 368 TERTIA
1908 316 2111 369 PARS
2399 318 2490 371 105

284 454 455 494 meter
466 450 658 503 Terrae‚
681 463 788 495 non
807 452 1006 497 habeat
1024 452 1260 508 respecstu
1280 455 1391 498 eius
1407 455 1695 499 sensibilem
1711 456 2080 511 quantitatem:
2105 457 2191 500 sed
2204 461 2317 501 tota
2331 457 2491 501 Terra

283 510 356 553 illi
375 511 586 563 collata,
614 511 685 554 nil
704 514 901 566 praeter
919 512 1097 568 puncti
1115 514 1291 558 uicem
1315 514 1514 558 habere
1535 516 2008 568 animaduertatur‚
2034 516 2193 571 idque
2212 517 2265 560 in
2286 516 2490 561 Odtaua

285 569 523 624 Sphaera,
553 571 639 614 uel
668 582 776 614 non
804 572 957 627 longe
987 572 1054 616 ab
1081 572 1202 625 hac,
1232 573 1285 616 in
1314 573 1587 618 altioribus
1611 575 1773 617 trium
1801 575 2129 630 superiorum
2154 577 2491 620 Planetarum

284 629 502 673 orbibus
528 629 659 682 fieri,
692 630 759 674 ab
786 630 1090 675 Artificibus
1116 636 1454 687 compertum
1479 634 1567 678 est.
1596 634 1747 677 Vrrde
1775 635 1895 678 haec
1923 635 2083 678 Stella
2108 635 2161 678 in
2189 636 2299 690 ipso
2327 638 2488 690 Coelo‚

282 689 368 732 uel
388 688 442 732 in
462 687 667 733 Otstauo
688 689 832 734 Orbe
852 702 977 734 cum
996 691 1209 746 reliquis
1230 692 1380 744 Fixis‚
1407 694 1492 736 uel
1512 693 1566 736 in
1584 693 1827 748 proxime
1848 694 1970 737 huic
2000 694 2236 738 subiectis
2258 696 2490 751 Sphaeris

283 747 639 792 constituetur.
669 749 824 801 Quod
845 753 1026 793 autem
1045 762 1143 794 nec
1164 751 1218 794 in
1238 751 1380 795 Orbe
1400 752 1626 804 Saturni,
1653 764 1752 796 nec
1774 753 1930 805 Iouis,
1960 754 2224 807 Martisue,
2253 759 2345 798 aut
2368 756 2491 799 alio-

282 819 403 850 rum
416 808 752 851 Planetarum
772 809 972 861 existat,
994 809 1118 853 hinc
1138 813 1298 865 patet,
1321 812 1463 865 quod
1484 812 1661 866 elapso
1681 812 1790 855 iam
1806 813 2006 867 aliquot
2021 813 2279 857 Menfium
2296 815 2488 870 spacio,

282 868 426 911 nullo
447 867 651 911 minuto
672 868 739 911 ab
755 879 820 912 eo
835 869 972 921 loco,
994 869 1047 912 in
1062 881 1167 923 quo
1181 870 1415 924 primum
1430 882 1553 914 eam
1567 871 1953 926 conspeximus,
1974 876 2125 916 motu
2145 874 2360 928 proprio
2375 886 2492 929 pro-

282 926 445 981 gressa
465 927 538 978 fit,
562 927 705 981 quod
724 927 841 971 fieri
860 929 1157 983 oportebat,
1180 930 1215 972 fi
1235 929 1288 972 in
1308 929 1486 984 aliquo
1505 931 1840 974 Planetarum
1862 931 2005 975 Orbe
2024 932 2160 975 esset.
2184 933 2493 977 Moueretur

282 985 425 1028 enim
438 989 590 1030 motu
602 986 758 1041 ipfius
773 987 930 1031 Orbis
949 988 1218 1042 peculiari,
1240 992 1429 1032 contra
1442 989 1599 1044 primi
1612 990 1821 1034 mobilis
1838 991 2116 1043 rationem,
2139 991 2230 1034 nisi
2251 992 2304 1035 in
2324 994 2490 1037 altero

282 1045 529 1088 Polorum
544 1045 768 1089 Orbium
783 1046 996 1090 secundi
1015 1047 1227 1091 mobilis
1248 1048 1551 1103 quiesceret,
1575 1062 1607 1092 a
1628 1061 1733 1104 quo
1746 1053 1930 1093 tamen
1943 1050 2001 1093 36
2015 1053 2148 1105 part.
2165 1056 2487 1095 remouetur.

281 1104 398 1148 Toti
416 1104 558 1148 enim
579 1105 749 1149 Orbes
768 1106 993 1162 proprijs
1011 1107 1146 1150 Polis
1166 1107 1407 1160 reuoluti,
1431 1108 1521 1151 sua
1541 1108 1949 1152 circumducunt
1969 1109 2168 1162 Sidera,
2197 1112 2282 1154 uel
2304 1111 2371 1155 ab
2392 1112 2491 1155 illis

281 1163 357 1219 (ut
369 1163 529 1208 Plinio
545 1164 586 1206 ἃ
601 1165 916 1218 quibusdam
936 1165 1049 1221 alijs
1069 1167 1282 1221 placere
1300 1167 1477 1224 uideo)
1497 1167 1944 1224 circumaguntur.
1968 1169 2071 1211 Nifi
2086 1169 2202 1223 quis
2216 1174 2491 1225 receptam

283 1235 316 1265 a
339 1222 663 1278 Philosophis
690 1224 732 1266 ἃ
758 1223 1154 1269 Mathematicis
1180 1226 1505 1269 Sententiam
1532 1239 1725 1283 negare
1754 1228 1894 1279 uelit,
1927 1228 2162 1282 solasque
2189 1229 2375 1273 Stellas
2400 1231 2493 1273 im-

282 1282 441 1326 motis
462 1282 692 1326 Orbibus
718 1284 970 1327 conuolui
993 1283 1157 1342 (quod
1183 1285 1471 1329 absurdum
1498 1286 1589 1343 est)
1616 1287 1852 1331 asserere.
1875 1287 2027 1330 Vnde
2055 1289 2090 1330 s1
2117 1288 2236 1331 haec
2259 1289 2420 1332 Stella
2440 1290 2493 1332 in

282 1341 460 1396 aliquo
476 1342 699 1386 Orbium
721 1343 919 1397 septem
939 1344 1230 1387 errantium
1246 1344 1487 1388 Siderum
1503 1346 1918 1398 constitueretur,
1939 1347 2225 1391 necessario
2242 1359 2367 1392 cum
2380 1349 2491 1404 ipso

283 1400 441 1452 Orbe,
464 1401 550 1444 cui
569 1402 735 1445 affixa
754 1402 890 1454 esset,
914 1406 1102 1446 contra
1122 1403 1369 1447 diurnam
1389 1405 1777 1449 reuolutionem
1793 1406 2294 1451 circumduceretur.
2317 1409 2490 1463 Atque

282 1460 368 1504 hic
395 1463 573 1504 motus
600 1461 761 1505 etiam
786 1461 840 1504 in
865 1461 1140 1506 lentissimo
1161 1463 1373 1506 Saturni
1392 1463 1631 1518 Sphaerae
1657 1465 1936 1520 progressu‚
1964 1469 2112 1509 tanto
2138 1467 2394 1521 temporis
2419 1468 2490 1511 in-

281 1521 522 1572 teruallo,
544 1521 706 1564 etiam
727 1521 923 1575 absque
944 1522 1089 1565 omni
1109 1522 1460 1567 Instrumento
1481 1523 1701 1567 intuenti
1721 1524 2248 1569 animaduerteretur.

354 1579 691 1634 Quapropter
709 1580 828 1624 haec
850 1581 1010 1624 Stella
1025 1581 1196 1633 Noua,
1218 1593 1316 1625 nec
1336 1582 1389 1625 in
1409 1583 1728 1626 Elementari
1748 1584 1970 1639 Regione
1990 1584 2126 1627 infra
2141 1585 2367 1637 Lunam,
2390 1598 2487 1629 nec

281 1639 335 1681 in
354 1638 584 1683 Orbibus
611 1640 810 1694 septem
829 1640 1131 1683 Errantium
1151 1641 1410 1693 Siderum,
1440 1642 1527 1685 sed
1551 1642 1606 1685 in
1626 1641 1828 1686 Odtaua
1852 1643 2074 1698 Sphaera
2099 1644 2235 1687 inter
2259 1645 2488 1699 reliquas

282 1697 435 1742 Fixas
455 1700 637 1743 locum
656 1699 840 1751 habet;
863 1699 1019 1751 Quod
1040 1703 1155 1743 erat
1174 1701 1677 1745 Demonstrandum.

354 1757 491 1802 Hinc
512 1758 757 1813 sequitur,
778 1758 925 1802 illam
939 1770 1048 1803 non
1060 1759 1160 1803 esse
1174 1759 1411 1815 aliquam
1425 1761 1750 1815 peculiarem
1765 1762 2110 1806 Cometarum
2125 1763 2367 1817 speciem,
2389 1776 2487 1808 nec

283 1817 511 1871 quoduis
531 1818 675 1861 aliud
694 1830 959 1873 apparens
978 1818 1190 1874 igneum
1210 1823 1504 1864 meteoron.
1528 1820 1662 1864 Haec
1678 1821 1820 1864 enim
1835 1821 2017 1865 omnia
2031 1833 2138 1864 non
2151 1821 2204 1864 in
2218 1822 2326 1876 ipso
2343 1823 2488 1867 Coelo

282 1880 613 1932 generantur,
642 1878 730 1921 sed
754 1878 891 1921 infra
918 1878 1144 1931 Lunam,
1171 1879 1225 1922 in
1252 1879 1504 1934 superiori
1524 1880 1674 1923 Aeris
1701 1880 1925 1936 Regione
1951 1881 2189 1933 existunt,
2216 1885 2275 1924 ut
2302 1894 2489 1926 omnes

280 1936 535 1980 testantur
552 1937 862 1992 Philosophi,
889 1937 980 1981 nifi
1001 1938 1118 1993 quis
1138 1950 1264 1982 cum
1282 1939 1647 1983 Albumassare
1675 1940 1900 1983 statuere
1918 1940 2059 1992 uelit,
2089 1941 2352 1993 cometas,
2380 1954 2489 1985 non

281 1996 334 2038 in
352 1996 506 2049 Aere,
534 1997 622 2040 sed
641 1997 789 2041 Coelo
814 1997 972 2041 nasci.
1002 1998 1094 2041 Ille
1119 1997 1262 2041 enim
1290 1998 1340 2042 se
1361 1998 1640 2042 Cometam
1667 1999 1821 2054 supra
1842 2000 2051 2042 Lunam
2077 2000 2130 2042 in
2150 2001 2373 2054 Sphaera
2393 2001 2490 2044 Ve-

281 2055 421 2099 neris
447 2056 755 2109 obseruasse,
783 2056 1064 2110 existimat;
1094 2058 1238 2112 quod
1264 2070 1334 2100 an
1358 2058 1475 2101 fieri
1497 2058 1662 2113 possit,
1688 2059 1842 2102 nobis
1867 2060 2106 2102 nondum
2133 2060 2357 2104 constat:
2386 2060 2489 2103 Sed

282 2115 418 2159 DEO
440 2116 616 2168 dante,
639 2115 940 2171 aliquando,
962 2117 998 2159 fi
1017 2117 1195 2160 nostra
1215 2120 1375 2161 aetate
1396 2117 1583 2172 aliquis
1603 2118 1831 2162 extiterit
1852 2119 2087 2171 Cometa,
2116 2119 2227 2162 eius
2246 2119 2323 2162 rei
2342 2120 2491 2163 certi-

281 2174 520 2218 tudinem
545 2175 886 2230 inquiremus.
915 2175 1034 2220 Hoc
1062 2177 1152 2219 etsi
1177 2188 1369 2220 uerum
1394 2177 1494 2221 esse
1518 2189 1785 2232 ponamus
1809 2178 1972 2235 (quod
1998 2191 2104 2221 una
2125 2190 2250 2221 cum
2269 2179 2490 2222 Philoso-

281 2234 399 2289 phis
418 2234 509 2278 uix
529 2235 773 2292 admitto)
791 2238 974 2279 tamen
994 2247 1102 2279 non
1122 2235 1352 2290 sequitur
1370 2236 1510 2280 hanc
1526 2237 1745 2280 Stellam
1760 2237 2104 2281 Cometarum
2125 2238 2224 2281 esse
2245 2238 2488 2293 speciem,

280 2296 397 2337 tum
415 2297 633 2349 propter
650 2294 818 2349 ipsam
838 2294 1089 2348 formam,
1112 2307 1276 2350 quam
1296 2295 1459 2339 habet
1478 2308 1605 2340 cum
1623 2297 1764 2340 ueris
1784 2297 1953 2340 Stellis
1974 2308 2336 2349 communem,
2359 2298 2400 2339 81
2421 2298 2488 2341 ab

284 2353 524 2398 omnium
553 2352 809 2397 hactenus
837 2354 1071 2398 uisorum
1101 2355 1446 2398 Cometarum
1474 2356 1645 2411 figura
1674 2356 1988 2408 dissimilem3
2021 2359 2137 2399 tum
2170 2358 2313 2410 quod
2345 2358 2490 2400 nullo

282 2416 433 2457 motu
458 2413 690 2468 proprio,
716 2416 866 2457 tanto
891 2417 1150 2469 tempore,
1177 2415 1263 2458 uel
1283 2414 1337 2458 in
1357 2415 1731 2467 Latitudinem,
1758 2417 1844 2458 uel
1869 2415 1923 2458 in
1944 2415 2349 2470 Longitudinem
2373 2428 2491 2471 pro-

283 2471 438 2524 cessit,
450 2475 508 2515 ut
517 2472 571 2515 in
582 2472 813 2516 Cometis
822 2473 953 2525 fieri,
967 2473 1398 2517 animaduersum
1409 2475 1497 2518 est.
1511 2474 1660 2518 Licet
1670 2475 1813 2518 enim
1823 2474 1879 2516 hi
1890 2474 2175 2529 aliquando
2185 2475 2239 2517 in
2250 2486 2356 2518 uno
2367 2477 2488 2519 loco

282 2542 377 2586 per
397 2531 596 2586 aliquot
616 2531 741 2576 Dies
761 2532 1028 2586 quiescere
1047 2532 1348 2585 uideantur;
1375 2536 1558 2577 tamen
1580 2533 1781 2577 nonita
1801 2533 1906 2586 diu,
1932 2545 2031 2577 nec
2054 2534 2127 2576 ita
2154 2533 2354 2585 exacste,
2383 2534 2490 2577 dili-

283 2594 463 2646 genter
475 2602 570 2646 per
583 2591 933 2635 Instrumenta
947 2591 1200 2646 exquisita
1212 2592 1593 2636 Obseruatione
1607 2591 1763 2644 facsta,
1780 2593 2009 2636 eundem
2025 2593 2232 2636 seruant
2245 2594 2485 2647 pofitum.

354 2650 626 2694 Concludo
645 2650 800 2706 igitur
819 2650 959 2694 hanc
980 2651 1213 2703 Stellam,
1236 2662 1343 2694 non
1363 2651 1462 2695 esse
1481 2653 1646 2694 ullam
1667 2652 2011 2696 Cometarum
2033 2651 2275 2707 speciem,
2296 2654 2382 2695 uel
2402 2653 2490 2695 ali-

284 2710 427 2764 quod
440 2709 652 2764 igneum
665 2713 959 2761 meteoron,
976 2711 1081 2753 fiue
1094 2710 1232 2753 infra
1246 2711 1472 2763 Lunam,
1489 2711 1594 2753 siue
1610 2711 1764 2766 supra
1778 2714 2105 2766 generentur,
2123 2712 2210 2754 sed
2223 2712 2488 2755 lucentem

282 2768 336 2811 in
363 2768 473 2823 ipso
503 2768 861 2813 Firmamento
890 2769 989 2813 esse
1018 2769 1251 2821 Stellam,
1281 2770 1426 2812 nulla
1453 2773 1612 2813 aetate
1639 2782 1671 2813 a
1699 2770 1883 2814 Mundi
1911 2770 2130 2814 exordio
2162 2774 2283 2814 ante
2312 2771 2489 2814 nostra

281 2831 526 2882 tempora
546 2827 691 2882 prius
711 2827 1063 2883 conspectam.
1084 2829 1257 2883 Atque
1276 2828 1396 2872 haec
1417 2829 1483 2872 de
1503 2829 1678 2872 Stellae
1699 2829 1810 2873 eius
1831 2831 1941 2881 fitu,
1961 2833 2076 2872 tum
2098 2841 2203 2883 quo
2225 2830 2293 2872 ad
2308 2830 2490 2873 Zodia-

283 2898 425 2939 cum,
446 2890 562 2930 tum
583 2898 688 2941 quo
710 2887 779 2930 ad
794 2887 979 2930 Mundi
992 2887 1343 2940 Diametrum‚
1366 2888 1407 2930 ἃ
1428 2888 1556 2931 Coeli
1570 2888 1756 2941 Orbes,
1779 2888 2095 2933 sufficienter
2115 2887 2253 2932 dicta
2275 2889 2489 2932 demon—

285 2946 548 3001 strataque
569 2946 830 2998 existim03
859 2958 998 2990 nunc
1021 2946 1090 2989 ad
1109 2946 1311 3001 reliqua
1330 2947 1652 3002 progrediar.
1676 2946 1697 3007 ΙΙ

420 3043 528 3094 DE
555 3042 909 3096 EIVSDEM
937 3043 1541 3105 MAGNITVDINE,
1569 3045 1872 3097 LVMINE
1899 3045 1998 3097 ET
2024 3045 2356 3098 COLORE.

357 3122 665 3178 Magnitudo
687 3123 969 3166 Stellarum
989 3124 1198 3168 duobus
1218 3124 1393 3168 modis
1414 3124 1481 3167 ab
1501 3125 1806 3169 Artificibus
1826 3126 2207 3177 confideratur;
2235 3138 2358 3177 uno,
2383 3138 2487 3180 quo

282 3182 353 3225 ad
372 3181 628 3225 uifibilem
648 3182 689 3224 ἃ
710 3186 1058 3237 apparentem
1078 3183 1433 3236 Diametrum;
1463 3185 1647 3236 altero,
1674 3197 1779 3239 quo
1801 3186 1870 3228 ad
1889 3197 2093 3237 ueram,
2123 3197 2287 3239 quam
2306 3185 2359 3227 in
2378 3185 2486 3239 ipso

284 3241 429 3286 Coelo
454 3241 655 3285 habent
681 3241 1046 3296 quantitatem.
1075 3242 1224 3286 Licet
1243 3242 1385 3285 enim
1406 3243 1581 3287 Stellae
1606 3244 1759 3287 nobis
1783 3245 2077 3288 admodum
2101 3244 2490 3298 conspiciantur

284 3300 504 3356 exiguae,
527 3301 568 3343 ἃ
588 3312 696 3345 non
716 3300 866 3345 aliter
886 3313 1048 3355 quam
1069 3313 1254 3356 paruae
1267 3301 1414 3345 faces
1427 3302 1481 3345 in
1495 3303 1640 3346 Coelo
1661 3304 1838 3347 lucere
1860 3307 2172 3358 appareant;
2194 3307 2376 3346 tamen
2395 3315 2489 3357 per

283 3359 576 3414 ingeniosas
606 3360 1114 3404 Mathematicorum
1140 3361 1548 3405 Obseruationes
1578 3366 1915 3417 compertum
1945 3363 2033 3414 est,
2065 3374 2156 3405 eas
2185 3374 2292 3406 non
2323 3363 2487 3405 solum

430 3456 471 3490 14
2383 3450 2487 3498 toti
