2976 4264
497 319 565 370 68
998 313 1607 368 ASTRONOMIAE
1634 313 2199 367 INSTAURATAE

496 466 684 512 ratam
698 459 961 522 aliquam
974 457 1246 509 habuerit
1258 458 1696 520 experientiam.
1713 454 1868 518 Quae
1879 454 1951 507 de
1962 455 2150 520 pofitu
2160 456 2415 510 aliorum
2426 458 2698 511 Siderum

494 538 756 594 tempore
779 535 1014 580 exortus
1035 527 1213 579 huius
1235 526 1429 579 Steuae
1450 526 1702 587 adducit,
1723 526 2139 591 Heterogenea
2157 527 2303 588 sunt,
2327 545 2436 581 nec
2456 529 2574 582 huc
2594 530 2696 582 ali-

496 602 636 665 quid
656 600 892 652 faciunt.

565 672 789 722 Locum
804 673 930 721 eius
946 668 1246 728 constituit,
1263 684 1382 732 quo
1397 667 1473 720 ad
1488 667 1942 733 Longitudinem
1955 671 2018 720 in
2031 675 2175 733 part.
2191 669 2270 724 δὲ.
2293 672 2349 730 8
2359 711 2371 731 ,
2386 671 2484 723 vbi
2497 671 2582 723 24.
2598 671 2696 724 scr.

494 742 637 809 iusto
657 744 855 793 minus
875 740 1067 800 habet,
1095 739 1190 791 sed
1211 742 1274 790 in
1294 739 1627 791 Latitudine
1647 738 1843 791 adhuc
1862 739 2050 791 multo
2070 739 2204 804 plus
2223 740 2431 803 deficit,
2460 757 2594 794 eam
2613 743 2696 795 so·
2747 761 2770 795 ⁵

492 812 799 864 lummodo
811 818 955 876 part.
968 811 1052 863 52.
1068 808 1103 876 Ι.
1115 811 1201 862 40.
1215 809 1491 871 efficienS,
1505 826 1641 862 cum
1651 809 1784 874 plus
1795 812 2020 875 integro
2031 811 2216 875 gradu
2228 814 2420 864 maior
2435 816 2697 866 extiterit.

565 883 742 947 Quod
769 889 968 934 autem
996 882 1317 934 Galaxiam
1344 881 1531 945 (iuxta
1557 884 1724 933 cuius
1751 880 2026 943 confinia,
2053 882 2152 934 vbi
2179 882 2471 935 Colurum
2493 884 2698 949 AEqui-

493 952 824 1005 noctiorum
849 953 1062 1013 tranfit,
1090 952 1270 1004 Stella
1294 951 1425 1004 haec
1450 952 1552 1004 fibi
1570 952 1731 1004 sedes
1752 952 1983 1017 delegit)
2005 960 2356 1017 perpetuum
2377 954 2698 1008 exhalatio-

492 1041 638 1077 num
658 1024 923 1076 fomitem
942 1024 1094 1085 facit,
1118 1029 1321 1075 contra
1341 1026 1468 1075 eius
1484 1023 1796 1076 Coelestem
1815 1023 2125 1084 Naturam,
2147 1024 2492 1078 Aristotelea
2510 1028 2698 1080 imita-
2748 1033 2776 1076 ἡ·

491 1100 668 1156 tione,
695 1096 1142 1231 loquitur.s1;Ion
1167 1097 1340 1160 igitur
1362 1097 1657 1147 immerito
1677 1094 2116 1147 haefitabundus
2135 1095 2343 1148 subdit:
2363 1094 2479 1163 sed
2495 1098 2699 1151 adbuc
2752 1116 2794 1151 ιο

485 1165 601 1233 sub
619 1166 830 1219 Iudice
849 1165 933 1219 Iis
954 1181 989 1219 e
1037 1207 1048 1218 .

562 1238 898 1290 Parallaxin
917 1240 1207 1290 maiorem
1228 1243 1483 1302 quatuor
1501 1239 1743 1288 minutis
1763 1236 1819 1288 se
1839 1252 1964 1289 non
1984 1237 2423 1302 deprehendere
2443 1241 2697 1304 potuisse,

492 1311 688 1370 asserit,
716 1309 847 1361 licet
875 1309 927 1360 &
953 1309 1024 1361 de
1050 1309 1179 1370 hac,
1207 1324 1286 1360 an
1310 1308 1622 1360 oculorum
1643 1310 1796 1360 vicio
1820 1311 2137 1374 contigerit,
2165 1309 2400 1362 dubitet.
2428 1311 2497 1362 In
2523 1310 2698 1364 Libro

492 1387 691 1433 autem
719 1379 1322 1433 Characteril‘morum
1349 1379 1949 1431 Macrocosmicorum
1976 1395 2218 1432 omnem
2245 1381 2478 1446 prorsus
2505 1382 2697 1435 exclu-

490 1452 593 1512 dit;
608 1452 762 1504 vnde
778 1454 928 1503 inter
942 1467 1044 1503 eos
1059 1454 1160 1516 qui
1175 1450 1418 1503 Stellam
1431 1450 1587 1503 hanc
1598 1450 1892 1502 Parallaxi
1905 1454 2251 1513 immunem,
2267 1452 2418 1505 vltra
2427 1453 2698 1507 Planetas
2751 1471 2793 1506 15

490 1523 792 1575 nobiscum
819 1522 1122 1584 extollunt,
1151 1525 1277 1574 eius
1303 1522 1518 1587 placita
1543 1521 1641 1574 hic
1667 1537 1792 1574 non
1818 1524 2112 1574 immerito
2131 1522 2455 1576 referimuS.
2484 1524 2698 1578 Nullas

489 1610 630 1646 vero
651 1597 909 1646 rationes
930 1610 1033 1645 cur
1046 1594 1118 1645 de
1132 1593 1427 1645 Parallaxi
1446 1596 1527 1645 ita
1545 1593 1765 1653 sentiat,
1785 1600 1960 1658 prout
1980 1594 2172 1646 decuit
2187 1594 2696 1658 Mathematicum‚

490 1665 723 1731 profert,
751 1681 860 1717 nec
887 1668 1066 1718 etiam
1087 1665 1220 1717 satis
1240 1665 1459 1717 indicat
1480 1680 1511 1716 e
1532 1664 1747 1729 quibus
1768 1664 2291 1718 Obseruationibus
2310 1666 2491 1719 talem
2509 1667 2594 1719 illi
2613 1667 2697 1720 lo-

492 1753 627 1789 cum
647 1738 948 1802 assignarit.

562 1808 753 1860 Refert
783 1808 1023 1872 quidem
1051 1807 1206 1860 hanc
1235 1807 1392 1859 fuisse
1421 1809 1485 1858 in
1513 1806 1672 1859 linea
1700 1805 1857 1859 recta
1886 1823 2023 1859 cum
2051 1808 2361 1873 infigniore
2390 1811 2453 1861 in
2481 1809 2698 1862 lumbis
2747 1826 2794 1861 20

492 1880 810 1944 Cassiopeae
832 1879 884 1931 &
905 1879 1087 1932 Clara
1105 1878 1293 1930 Persei
1314 1878 1440 1943 (per
1460 1894 1643 1943 quam
1664 1878 1861 1943 Caput
1879 1878 2071 1944 Algol‚
2092 1879 2211 1931 fiue
2232 1879 2498 1932 Medusae
2519 1881 2699 1934 Stella

490 1950 867 2016 intelligenda
887 1946 907 2019 ΙΙ
927 1953 1103 2011 venit,
1131 1950 1279 2002 alias
1301 1952 1462 2002 enim
1481 1965 1605 2002 non
1625 1949 1912 2015 congruit)
1934 1957 2111 2015 atque
2131 1950 2486 2004 Pleiadibus:
2515 1952 2589 2005 ab
2615 1953 2697 2005 al-
2729 1961 2817 2004 554

489 2029 614 2074 tera
633 2028 796 2086 parte
818 2038 954 2074 cum
974 2021 1154 2074 Stella
1166 2021 1361 2073 Polari
1383 2020 1435 2072 &
1455 2036 1527 2073 ea
1547 2036 1683 2086 quae
1705 2021 1862 2073 estin
1881 2022 2116 2074 natibus
2135 2022 2295 2074 Vrsae
2314 2026 2573 2075 maioriS.
2595 2025 2697 2076 At-

492 2109 606 2158 que
627 2094 668 2145 fi
687 2092 816 2145 haec
837 2093 1179 2145 adamussim
1198 2092 1254 2144 l'e
1274 2092 1611 2153 habuissem,
1634 2092 1800 2144 locus
1821 2092 2017 2145 Steuae
2038 2093 2235 2145 Nouae
2255 2096 2421 2146 iuxta
2441 2093 2699 2148 correcta

491 2165 707 2216 harum
726 2165 1007 2216 Fixarum
1026 2164 1174 2225 loca,
1194 2180 1319 2215 non
1338 2166 1420 2215 ita
1438 2163 1494 2215 se
1516 2162 1868 2224 exhibuisset,
1888 2170 2062 2228 prout
2081 2167 2131 2216 is
2150 2165 2291 2226 vult,
2313 2166 2696 2230 quemadmo-
2746 2183 2792 2217 25

492 2237 633 2288 dum
649 2238 898 2301 experiri
912 2236 1059 2296 lieet,
1075 2235 1116 2286 fi
1130 2238 1262 2299 quis
1276 2234 1577 2287 verificata
1589 2235 1847 2299 ipsarum
1860 2235 1994 2287 loca
2007 2235 2368 2300 applicuerit,
2384 2253 2520 2302 quae
2535 2240 2699 2291 iuxta

491 2307 711 2361 nostras
733 2307 1187 2360 obseruationes
1208 2313 1375 2359 erant
1394 2305 1746 2359 huiusmodi.

603 2509 821 2561 LOCA
848 2508 1329 2561 STELLARUM
1357 2507 1654 2572 QUIBUS
1682 2507 2134 2562 CORNELIUS
2162 2509 2476 2562 GEMMA
2503 2511 2590 2563 IN

713 2591 1008 2644 STELLA
1036 2591 1273 2644 NOUA
1298 2591 1538 2644 ANNO
1566 2591 1710 2644 1572.
1732 2591 1928 2645 VSUS
1955 2591 2112 2653 EST,
2138 2592 2255 2645 AD
2283 2593 2477 2646 EUN-

1018 2675 1199 2726 DEM
1227 2673 1739 2727 COMPLETUM
1767 2674 2166 2728 REDUCTA.
2745 2694 2792 2729 30

1634 2876 1673 2910 Ρ·
1816 2876 1874 2911 M·
2015 2876 2054 2911 P·
2107 2861 2113 2921 Ι
2196 2876 2254 2912 Μ.

882 2960 1135 3012 Flexura
1156 2959 1475 3024 Cassiopeae
1653 2960 1688 3012 8
1790 2960 1855 3014 3⁴}
1868 2962 1925 3021 8
1997 2960 2068 3013 48
2146 2961 2217 3012 46
2233 2960 2297 3013 Β.

883 3030 1079 3095 Caput
1099 3030 1366 3083 Medusae
1618 3031 1688 3083 20
1767 3031 1822 3083 13
1868 3033 1925 3092 8
1998 3031 2069 3083 22
2146 3031 2217 3083 22
2233 3032 2296 3084 B.

883 3102 1063 3154 Stella
1082 3102 1307 3154 Polaris
1618 3102 1687 3153 22
1755 3102 1855 3157 38}
1872 3105 1921 3162 ][
1999 3102 2068 3155 66
2183 3102 2217 3153 2
2233 3103 2296 3154 Β.

883 3173 1037 3237 Quae
1057 3175 1120 3224 in
1139 3173 1373 3224 natibus
1391 3172 1550 3224 Vrsae
1618 3173 1686 3226 25
1802 3174 1855 3228 1}
1868 3176 1922 3235 Ω
2010 3174 2067 3227 51
2146 3173 2216 3226 37
2232 3174 2296 3226 Β.

563 3302 1039 3355 Declinationem
1066 3305 1191 3355 eius
1218 3302 1353 3354 facit
1378 3308 1522 3366 part.
1545 3303 1629 3355 60.
1653 3301 1688 3369 Ι.
1710 3303 1795 3355 40.
1818 3319 1953 3355 cum
1972 3310 2173 3355 tamen
2193 3306 2417 3368 integro
2437 3303 2623 3368 gradu
2643 3304 2696 3356 &

490 3374 539 3425 7.
562 3373 844 3438 scrupulis
863 3377 1153 3426 maiorem
1173 3374 1510 3434 obtinuerit;
1531 3389 1790 3438 moxque
1811 3373 1971 3426 addit
1986 3377 2112 3426 eius
2126 3390 2163 3427 a
2177 3374 2525 3439 quibusdam
2538 3374 2694 3427 Fixis

2319 3448 2692 3507 remotioneS,

2744 3120 2791 3155 35
