2976 4264
258 960 300 994 10

228 1190 317 1233 515

258 1257 301 1292 15

252 1852 299 1886 25

256 2577 303 2612 35

257 3287 303 3321 45

724 278 1605 332 PROGYMNASMATUM
1631 277 1948 330 TERTIA
1974 278 2177 330 PARS
2489 280 2558 331 29

349 419 402 463 in
417 419 452 462 F
463 420 504 462 ἃ
517 419 562 462 Ο
578 417 858 473 conspecta
871 418 1147 473 aequaliter
1161 418 1312 462 distat
1326 431 1358 461 a
1371 419 1495 462 Polo
1512 418 1710 470 Mundi,
1726 421 2078 473 moneturque
2092 418 2145 462 in
2158 419 2411 462 Parallelo
2424 418 2558 462 FOK

351 482 500 523 motu
520 477 677 533 primi
696 477 923 530 mobilis,
946 479 987 521 81
1008 490 1115 522 non
1134 478 1225 521 fiet
1244 481 1461 532 propter
1479 477 1648 521 uisum
1667 477 1843 532 aliqua
1858 477 2135 522 euariatio:
2159 477 2385 532 denique
2399 490 2558 533 punc-

350 541 465 581 tum
486 537 521 580 F
541 537 638 581 erit
658 538 807 581 simul
828 549 988 581 uerus
1009 538 1050 580 81
1070 537 1208 581 uisus
1227 538 1378 581 locus
1399 537 1590 580 Stellae.

421 597 625 649 Rursus,
642 596 896 651 quoniam
909 596 963 639 in
977 597 1206 640 secunda
1221 596 1600 640 Obseruatione
1615 596 1799 640 Nouus
1813 596 1901 640 iste
1915 596 2264 651 Phosphorus,
2284 595 2557 640 traductus

349 656 420 700 est
434 656 488 699 in
502 655 546 699 O
562 667 658 711 per
670 656 869 699 Arcum
884 655 968 699 FO
984 668 1017 699 a
1032 656 1251 700 Meridie
1264 656 1444 699 uersus
1460 655 1666 707 Ortum,
1687 658 1744 698 ut
1765 656 1919 710 supra
1940 654 2140 699 dictum
2160 656 2246 708 est,
2269 656 2389 700 dico
2409 656 2556 699 illum

349 716 531 759 itidem
552 727 616 759 eo
637 715 690 758 in
709 716 831 759 loco
852 716 1079 758 eandem
1099 715 1298 758 habere
1319 714 1631 766 distantiam,
1654 726 1779 758 cum
1799 715 1960 770 priori
1975 728 2007 758 a
2020 716 2144 759 Polo
2166 715 2365 767 Mundi,
2388 716 2429 758 81
2448 717 2558 758 nul-

349 776 459 818 lam
487 775 688 818 habere
713 775 1024 818 Parallaxin.
1056 774 1109 817 Si
1138 775 1281 818 enim
1309 786 1431 826 non,
1463 774 1813 828 consequetur
1841 775 2142 826 necessario,
2172 779 2230 818 ut
2257 786 2416 818 uerus
2445 774 2556 818 eius

349 835 499 878 locus
526 834 781 877 statuatur
802 834 857 877 in
876 835 1019 878 Arcu
1039 834 1140 885 ΟΖ,
1169 834 1324 889 supra
1350 832 1604 888 punctum
1626 834 1687 885 O,
1716 836 1844 888 puta
1863 834 1916 876 in
1937 834 1996 877 G.
2026 834 2267 877 Ducatur
2285 846 2351 878 ex
2373 834 2557 877 Mundi

348 894 472 938 Polo
486 894 658 937 Arcus
679 893 901 936 maximi
915 893 1106 937 Circuli
1121 893 1234 936 HG.
1258 893 1524 945 Quoniam
1544 904 1639 947 per
1653 892 2089 937 Obseruationem
2111 893 2265 936 datus
2286 893 2356 936 est
2369 894 2553 949 Angul.

351 952 515 1004 GHF,
542 953 722 1007 Temp.
744 952 817 995 24.
846 953 1014 1007 scrup.
1036 952 1110 1004 38,
1141 963 1266 1008 ergo
1294 952 1505 995 dabitur
1529 952 1578 996 ei
1602 952 1878 1007 contiguus
1902 952 2068 1005 ZHG,
2095 953 2143 995 P.
2171 953 2268 995 155.
2292 953 2458 1007 scrup.
2480 953 2553 996 22.

349 1012 428 1055 Est
449 1015 629 1055 autem
650 1012 815 1055 Latus
837 1011 932 1054 HZ
954 1011 1238 1067 cognitum.
1269 1011 1445 1063 Quare
1469 1023 1564 1066 per
1587 1011 1640 1053 12
1661 1011 1936 1066 Copernici
1955 1012 2228 1055 innotescit
2249 1012 2412 1055 Latus
2434 1011 2553 1064 HG,

348 1074 483 1126 part.
505 1071 579 1114 28.
603 1071 770 1126 scrup.
793 1072 835 1114 7.
857 1071 1018 1115 Vides
1042 1072 1207 1114 Latus
1235 1071 1340 1114 HG
1366 1071 1570 1125 aequari
1590 1071 1767 1114 Lateri
1788 1071 1893 1114 ΗΟ
1914 1072 1955 1114 81
1976 1071 2086 1123 HF,
2115 1083 2179 1115 ac
2206 1072 2368 1115 etiam
2387 1071 2556 1127 Angu-

349 1132 462 1173 lum
482 1130 632 1173 GHZ
653 1131 919 1184 aequalem
940 1130 1038 1174 esse
1058 1131 1262 1184 Angulo
1283 1130 1452 1182 ZHO,
1475 1141 1599 1173 cum
1620 1131 1785 1173 Latus
1807 1130 1912 1174 HG
1931 1130 2139 1174 caeteris
2159 1131 2333 1173 minus
2353 1130 2451 1174 esse
2471 1131 2557 1174 de-

350 1189 547 1242 buisset,
569 1201 634 1233 ac
655 1190 818 1233 etiam
836 1187 1113 1248 Angu-sslus
1133 1189 1284 1232 ZHO
1305 1190 1479 1233 maior
1491 1190 1695 1244 Angulo
1717 1189 1882 1241 ZHG,
1903 1190 2066 1233 ueluti
2084 1193 2256 1234 totum
2276 1194 2427 1244 parte
2448 1190 2552 1233 sua.

349 1249 417 1293 At
435 1249 522 1293 hic
542 1251 715 1292 totum
735 1252 886 1304 parte
907 1252 1166 1303 aequatur,
1190 1249 1333 1303 quod
1354 1249 1424 1292 est
1445 1249 1745 1292 absurdum.
1776 1248 1895 1292 Non
1915 1261 2039 1304 ergo
2060 1261 2220 1293 uerus
2239 1250 2388 1293 locus
2408 1249 2556 1293 Phos-

347 1308 502 1364 phori
521 1308 681 1352 nostri
701 1308 768 1352 ab
791 1311 1081 1363 apparente
1102 1308 1446 1363 seiungendus
1467 1307 1552 1351 est.

419 1367 516 1411 His
543 1367 792 1423 adiJciam
818 1367 995 1411 adhuc
1023 1367 1187 1410 alium
1214 1368 1453 1419 modum,
1482 1379 1711 1421 eumque
1737 1368 2031 1423 elegantem
2056 1368 2097 1411 ἃ
2120 1367 2432 1422 exquisitum
2458 1379 2555 1422 pro

347 1427 677 1482 exploranda
702 1427 974 1470 Parallaxi.
1009 1427 1218 1470 Intuere
1245 1430 1425 1470 autem
1454 1426 1687 1481 superius
1714 1427 2064 1482 diagramma,
2096 1430 2254 1481 atque
2282 1427 2335 1470 in
2364 1439 2429 1471 eo
2454 1427 2558 1470 Tri-

348 1488 600 1542 angulum
615 1486 665 1529 H
675 1486 783 1538 OB,
806 1486 955 1530 cuius
970 1487 1076 1530 duo
1093 1487 1288 1529 Latera
1303 1486 1352 1528 H
1363 1486 1415 1537 B,
1439 1485 1488 1528 H
1498 1485 1543 1529 O
1559 1486 1674 1529 sunt
1688 1487 1912 1541 cognita,
1930 1487 1971 1529 81
1984 1487 2218 1541 Angulus
2233 1487 2302 1529 ad
2317 1486 2367 1528 H
2380 1489 2553 1530 notus.

347 1546 524 1598 Quare
550 1557 647 1601 per
670 1546 740 1588 XI
768 1545 1059 1600 Copernici,
1086 1546 1126 1588 ἃ
1152 1545 1244 1589 ΟΒ
1264 1545 1624 1601 cognoscetur,
1653 1546 1908 1600 simulque
1926 1546 2158 1601 Angulus
2179 1545 2347 1597 OBH,
2376 1546 2418 1588 81
2443 1546 2557 1589 reli-

348 1617 484 1660 quus
504 1606 573 1648 ad
593 1604 809 1649 Rectum
830 1605 986 1649 OBM
1008 1616 1116 1648 non
1134 1605 1475 1661 ignorabitur.
1499 1604 1689 1648 Habeo
1709 1605 1862 1660 igitur
1879 1605 2057 1648 rursus
2076 1605 2414 1659 Triangulum
2435 1605 2556 1648 Rec-

346 1665 622 1720 tangulum
643 1665 817 1716 OMB,
844 1664 899 1707 in
926 1676 1031 1719 quo
1059 1665 1164 1708 duo
1192 1665 1361 1707 latera
1388 1663 1599 1719 cognita
1626 1664 1740 1707 sunt
1760 1663 1853 1707 OB
1873 1665 1914 1707 81
1935 1664 2053 1716 ΜΒ,
2075 1665 2116 1707 81
2136 1664 2323 1719 Anguli
2346 1664 2552 1719 cogniti.

347 1724 520 1768 Facile
534 1725 659 1779 ergo
674 1725 1021 1779 cognoscetur
1035 1723 1196 1767 etiam
1211 1723 1255 1767 O
1267 1723 1321 1766 M
1335 1723 1506 1767 Arcus
1520 1723 1712 1766 Circuli
1724 1723 2024 1766 Altitudinis
2043 1724 2287 1767 secundae
2302 1723 2556 1767 Obserua-

346 1783 519 1828 tionis.
543 1783 636 1827 Cui
657 1783 911 1838 quoniam
926 1783 1238 1827 Obseruatio
1259 1783 1553 1838 respondet,
1577 1783 1946 1826 concludimus
1964 1783 2105 1826 hanc
2120 1783 2338 1826 Stellam
2354 1783 2555 1826 nullam

348 1843 630 1887 admittere
648 1842 959 1886 Parallaxin.
988 1843 1092 1886 Sed
1118 1843 1154 1885 fi
1179 1853 1310 1885 uera
1331 1841 1710 1886 Obseruatione
1734 1842 1894 1885 Stella
1919 1841 2029 1885 uisa
2055 1842 2557 1897 depraehenderetur

348 1903 518 1955 altior,
535 1906 662 1946 tunc
677 1902 844 1946 fuisset
858 1902 1036 1957 aliqua
1048 1901 1350 1945 Parallaxis.
1375 1901 1639 1945 Humilior
1653 1904 1834 1945 autem
1847 1901 2052 1944 ratione
2066 1901 2404 1945 euariationis
2417 1901 2555 1944 uisus

348 1962 447 2007 esse
467 1974 575 2006 non
594 1962 771 2017 posset.

419 2059 513 2113 Sic
532 2058 873 2112 Thaddaeus
893 2058 1270 2111 Parallaxeos
1292 2057 1474 2110 huius
1496 2057 1763 2111 Cometae
1789 2057 2280 2110 insensibilitatem
2306 2056 2556 2123 probare

346 2131 550 2183 voluit.
573 2131 732 2183 Licet
744 2146 887 2182 vero
904 2145 991 2191 ea,
1007 2145 1142 2194 quae
1159 2132 1223 2182 in
1239 2130 1504 2182 medium
1518 2128 1752 2194 profert,
1762 2129 2006 2181 Veritati
2020 2132 2285 2194 apprime
2300 2128 2556 2180 consona

347 2202 470 2263 fint,
498 2208 760 2255 attamen
783 2217 892 2266 pro
912 2204 998 2253 rei
1017 2200 1421 2267 magnitudine
1449 2206 1626 2265 atque
1652 2200 2042 2265 inquisitionis
2067 2200 2392 2260 subtilitate,
2419 2215 2555 2264 quae

347 2273 677 2339 pleniorem
698 2272 750 2325 &
771 2273 1198 2325 euidentiorem
1217 2271 1793 2324 Demonstrationem
1813 2271 2162 2336 requirebat,
2189 2287 2313 2323 non
2331 2274 2435 2323 toti
2455 2286 2554 2323 ne-

348 2347 516 2411 gocio
544 2344 862 2397 satisfecisse
890 2343 1136 2396 videtur.
1168 2343 1477 2406 Quantum
1505 2342 1581 2395 ad
1609 2345 1868 2408 primum
1897 2342 2307 2409 syllogismum
2335 2344 2554 2402 attinet,

349 2416 585 2469 nullum
605 2415 680 2468 est
700 2415 947 2468 dubium
967 2414 1372 2467 Phaenomena
1392 2414 1565 2466 Luna
1582 2417 1877 2466 minorem
1897 2414 2235 2467 Parallaxin
2259 2413 2554 2473 habentia,

349 2487 524 2552 supra
544 2503 678 2540 03111
697 2487 1008 2539 necessario
1029 2486 1282 2538 existere.
1304 2485 1398 2538 Sic
1418 2487 1598 2537 etiam
1611 2501 1747 2550 quae
1761 2485 2015 2538 secunda
2028 2486 2555 2550 Argumentatione

351 2559 574 2611 inducit
600 2574 674 2610 ex
700 2558 967 2611 distantia
987 2556 1182 2610 Stellae
1201 2557 1418 2621 vbique
1444 2556 1663 2621 aequali
1684 2555 1736 2608 &
1757 2556 1965 2609 eadem
1990 2562 2273 2621 perpetuo
2294 2572 2331 2608 a
2349 2558 2556 2607 vicinis

351 2630 509 2682 Fixis
529 2635 705 2694 atque
729 2628 889 2689 Polo,
910 2628 1043 2681 satis
1062 2630 1439 2689 conuincunt,
1465 2626 1621 2679 113110
1642 2630 1807 2679 0111111
1827 2629 2061 2680 caruisse
2080 2627 2396 2680 Parallaxi:
2423 2626 2556 2678 licet

350 2700 648 2753 viceuersa
666 2716 791 2752 non
811 2700 1199 2764 consequatur
1211 2698 1661 2751 Phaenomenon
1680 2698 1923 2763 aliquod
1942 2698 2303 2763 inaequalem
2319 2698 2395 2750 ad
2412 2697 2557 2750 Fixa

351 2772 557 2825 Sidera
576 2771 846 2824 obtinens
866 2773 1273 2831 remotionem,
1293 2777 1604 2835 propterea
1616 2769 1910 2822 Parallaxi
1928 2769 2173 2822 senfibili
2194 2771 2297 2822 esse
2312 2768 2554 2821 obnoxi-

351 2859 473 2904 um,
499 2842 679 2908 potest
699 2845 859 2894 enim
877 2848 1108 2894 motum
1126 2841 1346 2894 habere
1366 2843 1688 2906 proprium,
1709 2844 1812 2906 qui
1832 2844 1974 2894 citra
1994 2840 2329 2894 Parallaxes
2349 2839 2554 2892 distan-

351 2917 462 2967 tias
473 2914 692 2974 alteret,
706 2913 1212 2978 quemadmodum
1221 2915 1285 2964 in
1296 2912 1533 2965 Saturni
1543 2912 1722 2964 Stella
1734 2915 2028 2978 contingit,
2042 2914 2208 2964 cuius
2219 2910 2554 2963 Parallaxes

351 2989 452 3038 vix
477 2985 607 3037 sunt
632 2984 1051 3050 perceptibileS‚
1079 2984 1132 3036 &
1156 2990 1357 3036 tamen
1383 2986 1446 3035 in
1468 2999 1588 3035 vna
1608 2983 1765 3036 Coeli
1791 2983 2180 3043 reuolutione‚
2207 2998 2331 3034 non
2357 2997 2554 3046 aequa-

351 3056 480 3109 liter
509 3072 547 3109 a
573 3058 781 3108 vicinis
810 3056 967 3107 Fixis
996 3055 1173 3107 distat.
1203 3055 1318 3107 Sed
1343 3054 1415 3106 de
1442 3054 1847 3107 Phaenomeno
1875 3061 2105 3107 motum
2134 3054 2395 3118 aliquem
2422 3068 2552 3117 pro-

351 3130 548 3193 prium
567 3143 691 3179 non
710 3127 979 3179 sortiente
1000 3124 1152 3178 1οόὶο
1171 3125 1302 3178 haec
1322 3126 1610 3178 dicuntur.
1636 3126 1763 3178 Imo
1782 3126 1824 3177 fi
1844 3142 1881 3178 a
1899 3128 2107 3178 vicinis
2126 3126 2283 3177 Fixis
2303 3124 2554 3176 eandem

353 3199 677 3251 constanter
703 3198 1217 3263 intercapedinem,
1248 3197 1786 3262 quomodocunque
1812 3203 1979 3249 motu
2003 3196 2256 3248 vniuerfi
2281 3194 2551 3247 reuolua-

351 3276 461 3331 tur,
495 3270 826 3330 obtinuerit,
860 3267 1280 3321 consectarium
1312 3271 1434 3329 erit,
1467 3283 1576 3320 nec
1607 3275 1837 3320 motum
1867 3284 1972 3333 per
2001 3267 2057 3319 se
2089 3269 2409 3332 proprium,
2445 3281 2552 3317 nec

351 3341 539 3393 vllum
559 3344 661 3405 qui
681 3343 909 3393 ratione
926 3339 1303 3392 Parallaxeos
1321 3338 1424 3391 fiat
1444 3338 1876 3391 accidentaliter
1895 3339 2215 3391 admittere.
2237 3338 2362 3389 Rite
2382 3338 2553 3457 igll‘lttur

2338 3423 2406 3458 οο
2494 3413 2552 3457 31
