2976 4264
437 343 507 394 46
939 333 1549 389 ASTRONOMIAE
1575 331 2141 384 INSTAURATAE

437 500 550 548 que
571 483 690 534 alia
710 480 986 544 quaedam
999 480 1211 542 partim
1225 474 1596 539 Theologice‚
1617 476 1832 538 partim
1845 472 2080 538 Phyfice
2095 476 2259 525 iuxta
2273 473 2638 525 diuersorum

436 554 648 619 placita
668 550 1029 603 intermiscet.

507 626 767 675 Demum
787 622 951 672 suam
966 620 1329 671 Sententiam
1346 616 1579 681 profert,
1603 631 1722 679 qua
1735 615 1934 667 locum
1948 615 2033 666 illi
2048 614 2358 667 Coelestem
2372 631 2496 667 non
2510 615 2636 667 Ele-

435 700 760 747 mentarem
779 690 1156 742 tribuendum
1177 688 1380 740 censet.
1402 688 1495 739 De
1515 689 1765 738 materia
1784 692 1985 738 autem
2005 685 2196 750 qualis
2217 702 2359 738 nam
2375 686 2564 746 fuerit,
2587 686 2638 738 &

436 764 735 830 quomodo
755 763 872 813 illic
894 763 1156 820 extiterit,
1179 775 1398 811 arcano
1414 758 1549 809 DEI
1565 757 1820 818 confiliO,
1843 760 1937 809 cui
1952 756 2102 808 nihil
2116 757 2191 808 est
2204 757 2558 821 impossibile‚
2579 758 2639 809 id

435 837 754 894 committit,
776 839 877 885 aut
891 831 1211 883 secundum
1225 829 1627 893 Philosophos,
1650 828 1929 893 cuiusque
1945 828 2207 892 Sphaerae
2222 828 2637 894 intelligentiae.

435 909 495 960 Si
514 914 713 958 tamen
734 904 972 969 Physica
992 903 1195 966 aliqua
1215 901 1389 953 causa
1409 900 1758 952 adducenda
1782 900 1947 960 foret,
1974 899 2131 951 hanc
2155 902 2351 964 potius
2378 915 2514 952 cum
2534 900 2638 965 Py-

433 978 746 1042 thagoraeis
766 975 994 1039 probat:
1018 975 1086 1024 In
1107 972 1354 1037 Sphaera
1373 972 1538 1023 illam
1558 969 1789 1023 octaua
1808 974 1958 1022 inter
1977 971 2235 1035 reliquas
2256 970 2464 1023 Stellas
2483 970 2639 1023 fuisse

433 1050 700 1108 statuenS‚
723 1053 781 1098 at
801 1052 1036 1111 propter
1054 1044 1476 1109 impedimenta
1491 1043 1769 1107 quaedam
1782 1042 2016 1103 latuisse,
2039 1042 2251 1106 quibus
2266 1045 2505 1094 remotis
2519 1045 2640 1094 iam

433 1119 671 1172 tandem
697 1115 1062 1182 patefactam.
1095 1116 1365 1179 Haecque
1393 1131 1466 1166 ex
1491 1114 1812 1166 Aristotelis
1840 1113 2141 1166 Sententia
2167 1114 2239 1165 de
2267 1114 2499 1166 Natura
2524 1115 2639 1166 viae

433 1189 635 1243 1361636
666 1188 1004 1240 6011111111311
1033 1193 1213 1252 putat,
1245 1192 1422 1250 atque
1451 1185 1580 1237 fieri
1608 1186 1774 1250 posse,
1806 1185 2058 1237 eandem
2087 1184 2243 1236 hanc
2268 1184 2442 1246 fuisse‚
2473 1187 2641 1237 cuius

436 1263 770 1327 Cyprianus
792 1261 1093 1311 Leouitius
1114 1260 1397 1318 meminit,
1419 1258 1601 1308 Anno
1622 1257 1750 1309 1264
1772 1259 1950 1308 etiam
1970 1259 2134 1309 iuxta
2150 1256 2515 1321 Cassiopeam
2534 1259 2639 1307 im-

434 1339 591 1385 mote
604 1332 912 1383 constitisse.
924 1331 1133 1394 Sicque
1146 1329 1385 1381 illorum
1397 1331 1758 1393 opinionem,
1769 1331 1871 1392 qui
1882 1343 2006 1379 non
2018 1328 2258 1392 quidem
2267 1329 2370 1380 esse
2379 1328 2639 1389 Nouam,

436 1404 531 1456 sed
551 1419 654 1468 per
674 1402 989 1454 interualla
1008 1401 1331 1465 aliquando
1351 1401 1407 1452 se
1429 1400 1743 1461 ostendere,
1765 1415 1889 1451 non
1904 1402 2150 1451 omnino
2165 1401 2364 1465 reijcit.
2386 1399 2539 1451 Haec
2558 1405 2640 1451 ta-

437 1491 575 1527 men
603 1476 806 1526 omnia
831 1489 954 1525 non
979 1473 1212 1537 prorsus
1238 1474 1497 1524 assertiue
1523 1474 1815 1536 proponit,
1845 1470 1941 1522 sed
1967 1470 2098 1535 alijs
2125 1470 2520 1536 dijudicanda,
2547 1470 2642 1522 vel

439 1550 616 1598 etiam
630 1545 940 1597 refutanda
954 1544 1245 1608 relinquit.
1269 1544 1407 1607 Qua
1421 1546 1483 1595 in
1495 1550 1659 1607 parte
1674 1541 1824 1595 16616
1839 1541 1986 1594 fecit.
2003 1542 2215 1606 Neque
2226 1544 2392 1593 'enim
2406 1537 2641 1610 eiusce-ss

438 1618 599 1670 modi
618 1617 763 1678 sunt,
785 1623 844 1668 vt
864 1622 1054 1668 ratam
1071 1616 1335 1680 aliquam
1350 1614 1773 1674 certitudinem,
1795 1620 2086 1678 quantum
2100 1613 2176 1665 ad
2189 1613 2492 1679 Physicam
2505 1629 2641 1665 con-

438 1690 862 1749 siderationem,
889 1693 1228 1739 mereantur
1256 1687 1350 1751 ((16
1378 1688 1601 1738 caeteris
1627 1685 1998 1750 Theologicis
2025 1691 2201 1749 atque
2228 1684 2643 1751 Metaphysicis

438 1776 597 1813 nunc
623 1776 747 1811 non
773 1758 1021 1824 disputo)
1049 1758 1552 1824 Pythagoreorum
1579 1760 1738 1809 enim
1763 1759 1965 1821 opinio
1986 1756 2325 1809 nullatenus
2346 1755 2642 1808 consistere

438 1832 632 1896 potest,
666 1847 774 1883 nec
807 1830 985 1883 Stella
1017 1829 1146 1882 haec
1174 1837 1342 1882 vetus
1373 1830 1496 1890 fuit,
1530 1836 1706 1893 atque
1738 1844 1842 1893 per
1874 1827 2372 1893 interpositionem
2403 1827 2643 1880 alterius

440 1902 745 1968 Diaphani
761 1902 1041 1966 Corporis
1062 1900 1250 1962 311613,
1271 1908 1331 1953 vt
1351 1901 1492 1953 alibi
1511 1901 1919 1965 disquiremus;
1942 1901 2069 1952 Nec
2091 1903 2268 1951 etiam
2283 1899 2493 1951 eadem
2507 1915 2643 1951 cum

438 1974 556 2035 illa,
580 1977 745 2025 cuius
765 1976 1032 2025 meminit
1045 1973 1370 2025 Leouitius:
1391 1973 1504 2025 Vbi
1519 1974 1678 2024 enim
1698 1972 1803 2023 300
1822 1971 1936 2023 illis
1949 1972 2143 2023 Annis
2162 1969 2460 2023 latitabat?
2479 1970 2521 2021 si
2539 1986 2644 2035 per

440 2045 724 2097 Ascensus
751 2045 803 2096 &
829 2044 1145 2105 descensuS,
1176 2051 1278 2096 aut
1306 2044 1481 2109 medij
1515 2044 1764 2107 alicuius
1793 2043 2291 2107 interpofitionem
2318 2040 2642 2095 subductio-

440 2132 696 2181 nemque
711 2116 770 2168 id
783 2115 911 2167 fieri
924 2118 1127 2180 potuit,
1144 2131 1247 2167 cur
1261 2132 1384 2167 non
1398 2117 1574 2167 antea
1588 2130 1825 2179 quoque
1839 2114 2049 2166 eodem
2058 2115 2239 2166 modo
2250 2119 2333 2166 tot
2344 2113 2644 2165 Mundani

440 2188 582 2240 AEui
606 2186 989 2252 praeterlapsis
1015 2187 1237 2239 Seculis
1262 2187 1375 2239 sese
1402 2186 1681 2246 exhibuit,
1711 2185 2017 2250 rursusque
2047 2183 2359 2250 disparuit?
2388 2200 2491 2237 cur
2519 2200 2643 2236 non

440 2260 651 2324 saepius
680 2261 743 2310 in
772 2258 903 2323 alijs
933 2258 1280 2322 quibusdam
1309 2257 1499 2310 SteHis
1527 2258 1587 2310 id
1615 2255 1835 2310 factum
1864 2255 1974 2309 est?
2006 2273 2109 2309 cur
2137 2273 2262 2308 non
2289 2258 2561 2322 genuinis
2591 2256 2643 2308 &

443 2331 677 2382 Mundo
704 2332 923 2382 coaeuis
951 2332 1128 2381 etiam
1153 2332 1224 2395 ijs
1251 2346 1386 2394 quae
1413 2333 1578 2381 iuxta
1605 2328 1926 2381 Galaxiam
1951 2328 2096 2390 sunt,
2126 2328 2258 2380 talis
2287 2327 2644 2379 illuminatio

441 2402 637 2454 medio
664 2402 865 2466 aliquo
892 2404 1319 2453 interueniente
1339 2416 1777 2465 nonnunquam
1797 2398 2110 2465 contingit?
2137 2399 2250 2452 Sed
2269 2399 2507 2451 valeant
2525 2399 2642 2460 ista,

440 2476 540 2525 vix
560 2472 909 2525 refutatione
931 2472 1174 2537 operosa
1193 2473 1384 2538 digna.
1408 2473 1620 2536 Neque
1642 2474 1819 2523 etiam
1834 2471 1905 2523 de
1920 2470 2099 2524 Stella
2118 2471 2236 2532 illa,
2259 2486 2440 2535 quam
2461 2470 2642 2523 addu-

439 2547 512 2596 cit
534 2545 885 2610 Cyprianus,
908 2550 1131 2595 certum
1152 2544 1242 2605 est,
1264 2560 1343 2596 an
1362 2544 1422 2595 id
1442 2546 1523 2596 ita
1542 2543 1597 2595 se
1618 2542 1905 2594 habuerit.
1934 2543 2076 2594 Non
2097 2545 2339 2594 enimin
2357 2541 2490 2593 vllis
2511 2541 2642 2607 alijs

437 2616 707 2680 Historijs
728 2618 853 2667 eius
874 2615 937 2666 fit
956 2619 1195 2676 mentio,
1217 2631 1325 2667 nec
1340 2615 1456 2680 ipse
1472 2621 1696 2667 certum
1710 2613 2044 2665 Authorem
2062 2617 2212 2675 citat,
2233 2613 2328 2665 sed
2348 2613 2550 2666 saltem
2571 2628 2643 2665 ex

436 2687 829 2751 manuscripto
851 2687 1048 2738 codice
1068 2687 1123 2738 se
1144 2687 1202 2738 id
1222 2687 1494 2747 habuisse‚
1517 2689 1612 2738 ait.
1634 2686 1713 2737 At
1732 2691 1989 2749 ponatur
2009 2685 2169 2749 quod
2182 2688 2264 2737 ita
2277 2685 2356 2745 sit,
2378 2700 2458 2737 an
2470 2700 2642 2749 prop-

436 2765 596 2809 terea
615 2759 830 2809 necesse
852 2758 942 2818 est,
970 2757 1125 2809 hanc
1146 2758 1397 2810 eandem
1418 2773 1553 2809 cum
1573 2756 1676 2809 illa
1695 2757 1867 2818 fuisse‚
1890 2756 2052 2821 quafi
2071 2773 2195 2808 non
2214 2756 2413 2820 plures
2434 2756 2643 2808 eodem

437 2829 616 2880 modo
631 2832 925 2893 procreari
939 2830 1169 2892 possent.
1187 2829 1364 2892 Quod
1378 2829 1419 2880 fi
1433 2829 1647 2892 aliquis
1660 2828 1911 2880 Cometa
1923 2828 2121 2879 fimilis
2136 2827 2303 2880 alteri
2314 2833 2450 2880 ante
2464 2826 2642 2892 pluri-

437 2916 567 2952 mos
581 2901 792 2951 Annos
814 2899 1132 2964 conspectQ
1155 2903 1307 2952 circa
1328 2900 1584 2952 eundem
1599 2902 1777 2951 etiam
1790 2899 1990 2951 locum
2004 2901 2357 2964 apparuerit,
2379 2915 2458 2950 an
2471 2913 2642 2963 prop-

437 2978 597 3023 terea
611 2972 888 3031 dicemuS,
911 2971 1167 3022 eundem
1182 2987 1316 3022 cum
1335 2974 1515 3035 priori
1528 2971 1702 3031 fuisse,
1725 2970 1776 3022 8(
1796 2973 2021 3022 11116163
2034 2970 2227 3022 nescio
2240 2970 2338 3022 vbi
2352 2969 2642 3030 delituisse,

439 3042 601 3106 quasi
617 3042 811 3094 Causa
830 3042 948 3103 illa,
969 3043 1123 3094 vnde
1143 3042 1285 3094 talia
1305 3043 1544 3094 ascititia
1557 3042 1963 3093 Phaenomena
1981 3044 2357 3106 proueniunt,
2379 3041 2530 3093 adeo
2543 3040 2642 3092 ste-

439 3113 561 3164 rilis
587 3114 665 3174 fit,
692 3120 752 3165 vt
777 3129 901 3165 non
927 3113 1032 3164 nisi
1051 3129 1238 3165 vnum
1257 3114 1352 3165 vel
1378 3113 1629 3165 alterum
1656 3119 1757 3164 aut
1782 3129 1974 3178 pauca
1995 3113 2272 3177 quaedam
2293 3111 2644 3164 eiuscemodi

440 3184 809 3236 conformare
829 3186 1002 3249 possit.
1026 3185 1139 3236 Sed
1161 3185 1212 3236 &
1232 3184 1324 3236 his
1345 3190 1631 3248 tanquam
1651 3200 1776 3235 non
1794 3187 1994 3249 magni
2014 3186 2300 3236 momenti
2317 3181 2545 3244 16118115,
2567 3182 2643 3235 3(1

440 3271 511 3307 63
531 3271 666 3319 quae
688 3256 758 3307 de
779 3256 892 3307 loci
912 3255 1091 3307 huius
1112 3255 1306 3308 Stellae
1327 3256 1730 3307 constitutione
1752 3254 1953 3316 adfert,
1974 3255 2376 3319 procedemus

511 3326 667 3378 Dicit
679 3326 734 3378 se
750 3327 1064 3378 obseruasse
1078 3327 1253 3391 ipsius
1267 3327 1656 3378 Altitudinem
1669 3329 1981 3378 minimam
1994 3327 2244 3378 Viennae
2258 3325 2643 3390 vtplurimum

438 3397 509 3449 20
522 3398 827 3463 graduum,
849 3398 1172 3462 aliquando
1188 3401 1450 3463 quinque
1465 3404 1568 3450 aut
1582 3395 1785 3449 decem
1798 3400 2040 3449 minutis
2053 3400 2359 3449 maiorem.
2380 3397 2643 3460 Apparet

2471 3469 2644 3532 igitur

2693 1127 2736 1162 10

2695 1484 2737 1518 15

2673 1619 2761 1662 532

2692 1841 2738 1875 20

2692 2198 2738 2232 25

2692 2554 2738 2589 30

2692 2913 2738 2947 35

2691 3268 2737 3303 40
