2976 4264
492 298 595 349 304
998 292 1607 346 ASTRONOMIAE
1634 292 2198 345 INSTAURATAE

491 438 639 489 surae
665 440 814 487 inter
840 435 1113 486 homines
1134 438 1442 499 agitantur,
1470 440 1533 486 ut
1558 437 1621 485 in
1643 434 1878 499 lingulis
1899 434 2306 486 certitudinem
2325 440 2531 495 ratam,
2559 451 2695 500 quae

494 508 883 560 Geometricis
908 505 1280 570 Apodixibus
1310 505 1628 557 conformis
1657 504 1736 566 sit,
1768 512 1821 557 et
1851 507 1946 556 cui
1974 504 2351 569 plaufibiliter
2377 506 2695 559 contradici

492 584 762 642 nequeat,
785 592 989 628 eruere
1009 576 1370 640 firmiterque
1391 575 1851 641 apprehendere,
1872 578 1971 627 vix
1992 576 2360 629 concedatur.
2384 576 2437 629 O
2458 576 2696 629 miseras
2745 581 2773 625 ’r

491 650 805 701 hominum
825 654 1067 708 menteS,
1090 650 1126 698 o
1146 644 1383 711 pectora
1403 663 1582 707 caeca:
1611 646 1885 712 qualibus
1904 650 1967 699 in
1986 647 2240 699 tenebris
2260 650 2413 709 vitae,
2438 651 2695 712 quantis-

493 735 607 784 que
627 718 875 783 periclis,
897 719 1121 783 degitur
1141 717 1255 770 hoc
1276 720 1411 779 8111,
1433 718 1830 782 quodcunque
1852 716 1962 770 est?
2746 737 2767 771 ⁵

564 791 651 842 Ex
671 806 790 854 quo
809 793 1006 854 itaque
1022 792 1241 849 omnia,
1263 805 1398 854 quae
1413 789 1883 842 Astronomicam
1897 789 1999 854 huj
2006 805 2076 841 us
2090 789 2337 841 insolitae
2351 789 2545 842 Stenae
2561 805 2696 842 con-

492 861 900 913 siderationem
921 860 1369 922 concernebant,
1396 866 1519 913 tam
1538 860 1860 913 secundum
1881 876 1968 922 ea,
1997 876 2132 925 quae
2153 861 2495 913 omnimode
2516 863 2622 913 rite
2641 861 2697 913 se

492 932 842 992 habuerunt,
865 947 1047 996 quam
1068 947 1204 995 quae
1225 931 1590 984 deviationes
1609 931 2040 984 nonnullorum
2061 932 2420 993 detexerunt,
2446 932 2699 984 totaliter

492 1004 606 1055 hoc
632 1003 969 1063 Volumine,
999 1002 1132 1055 satis
1160 1002 1448 1067 superque
1476 1002 1975 1055 elucubravimus:
2005 1002 2214 1055 1611316
2240 1004 2513 1055 videntur
2540 1002 2698 1055 binae

493 1074 687 1127 adhuc
715 1074 1078 1138 quaestioneS,
1106 1074 1291 1126 altera
1311 1073 1551 1139 Physica
1577 1074 1648 1125 de
1675 1074 1849 1139 ipsius
1871 1073 2065 1126 Stellae
2088 1076 2336 1126 materia
2356 1081 2411 1126 et
2430 1090 2697 1139 procrea·
2752 1091 2794 1125 ιο

492 1149 668 1205 110116,
702 1145 887 1197 311613
915 1145 1290 1210 Astrologica,
1321 1145 1393 1197 de
1424 1145 1682 1210 ejusdem
1712 1144 1927 1198 effedtis
1957 1151 2012 1197 et
2039 1144 2571 1210 significationibus.
2604 1145 2699 1197 De

493 1217 585 1268 his
606 1216 846 1281 quidem
865 1219 928 1268 in
948 1216 1217 1281 praesenti
1237 1231 1414 1281 opere
1436 1232 1509 1268 ex
1527 1216 1770 1281 professo
1791 1232 1979 1282 agere,
2002 1223 2057 1268 et
2076 1219 2187 1269 rati
2201 1216 2425 1281 aliquid
2438 1232 2698 1282 pronun-

495 1291 665 1349 ciare,
692 1287 975 1352 siquidem
1000 1287 1254 1339 senfibus
1275 1287 1327 1339 81
1347 1287 1848 1340 Demonstrationi
1875 1288 2270 1340 Geometricae
2296 1303 2420 1340 non
2444 1287 2699 1354 subjace-

495 1365 611 1420 ant,
641 1358 692 1410 &
718 1359 792 1411 ab
812 1361 1161 1411 intemerata
1180 1358 1746 1411 Mathematicorum
1766 1359 2127 1420 certitudine,
2152 1359 2504 1412 dissentanea
2522 1358 2699 1412 habe-

494 1437 596 1483 ant
609 1430 916 1494 Principia,
938 1433 1060 1482 imo
1079 1430 1283 1482 saltem
1295 1430 1630 1483 verisimilia
1649 1437 1751 1482 aut
1767 1430 1943 1495 plane
1958 1430 2311 1491 stochastica;
2333 1446 2456 1482 non
2471 1430 2700 1495 copiose
2754 1447 2795 1481 15

496 1502 548 1554 &
566 1501 713 1553 serio
734 1517 927 1566 neque
949 1501 1267 1553 decretorie
1288 1517 1460 1567 agere
1482 1501 1799 1553 consultius
1820 1502 1994 1554 duco:
2017 1502 2144 1554 Imo
2164 1504 2236 1567 ijs
2255 1501 2488 1566 prorsus
2507 1501 2700 1567 super-

494 1573 706 1634 sedere,
728 1575 856 1638 jam
876 1575 1146 1625 animum
1166 1573 1540 1625 induxeram:
1567 1573 1745 1637 idque
1767 1573 2145 1637 quorundam
2165 1574 2388 1638 judicio
2408 1573 2583 1625 satius
2605 1588 2699 1625 ex-

495 1644 851 1696 istimabitur.
873 1644 1296 1706 Veruntamen,
1318 1647 1606 1709 quoniam
1625 1644 1891 1709 plerique
1911 1647 2106 1709 potius
2126 1644 2429 1710 Phyficam
2443 1643 2495 1696 81
2509 1643 2700 1696 Astro-

495 1715 746 1780 logicam
761 1715 955 1767 Stellae
975 1715 1154 1767 huius
1175 1715 1596 1780 expofitionem
1616 1714 1905 1777 asseclam,
1928 1715 1980 1768 &
2000 1715 2072 1767 de
2092 1715 2201 1776 his,
2222 1715 2540 1780 praesertim
2558 1731 2701 1767 vero

495 1786 824 1851 posteriore,
851 1787 1175 1838 admodum
1195 1786 1302 1839 fint
1320 1786 1544 1847 soliciti:
1572 1785 1914 1852 posthabita,
1940 1787 2036 1838 vel
2059 1790 2258 1839 minus
2280 1786 2593 1852 perquifita
2612 1788 2699 1847 63,
2750 1802 2797 1837 20

497 1873 633 1922 quae
662 1858 906 1909 Veritati
937 1861 1180 1922 propius
1208 1858 1457 1923 patescit,
1493 1860 1846 1923 cognitione:
1881 1858 2101 1910 Idcirco
2130 1861 2193 1909 in
2223 1874 2430 1910 eorum
2463 1873 2701 1922 quoque

496 1931 744 1994 gratiam
770 1929 1062 1981 nonnulla
1088 1929 1159 1981 de
1186 1929 1278 1981 his
1299 1932 1471 1995 juxta
1495 1929 1750 1981 nostram
1776 1929 2221 1982 aestimationem
2245 1928 2559 1994 proferam,
2589 1928 2701 1981 hac

496 2006 697 2052 tamen
710 2000 1118 2064 protestatione
1132 2001 1431 2065 praemissa,
1454 2001 1614 2065 quod
1628 2003 1976 2065 neutiquam
1991 2003 2078 2066 ijs,
2100 2016 2236 2065 quae
2251 2000 2702 2053 demonstratiue

499 2070 551 2122 &
577 2073 719 2122 citra
739 2071 952 2136 justam
977 2071 1430 2136 refragationem
1455 2074 1518 2123 in
1544 2071 1656 2124 hac
1675 2073 1798 2123 tota
1816 2072 2199 2136 praecedentis
2220 2071 2378 2123 Libri
2398 2070 2701 2124 elucubra-

497 2144 656 2194 tione
686 2142 978 2207 propofita
1006 2142 1150 2204 sunt,
1182 2142 1381 2207 quoad
1408 2143 1767 2195 certitudinis
1793 2143 2100 2195 indubiam
2127 2143 2483 2195 evidentiam
2509 2142 2701 2195 confe-
2751 2159 2798 2194 2⁵

498 2213 682 2265 renda
707 2214 1251 2278 aequiparandaque
1271 2216 1535 2266 veniant:
1561 2213 1657 2266 sed
1684 2209 1705 2282 ΙΙ
1732 2212 2150 2279 conjecturalia
2175 2213 2563 2275 solummod0‚
2592 2213 2644 2265 &
2670 2229 2702 2265 e
2734 2222 2822 2266 794

497 2284 786 2349 probabili
799 2284 1300 2337 verisimilitudine
1315 2285 1496 2337 allata
1508 2285 1630 2337 s1nt.
1653 2285 1910 2349 Ideoque
1924 2288 1987 2337 in
2001 2285 2094 2337 his
2108 2286 2454 2337 enarrandis
2469 2284 2704 2337 brevior

499 2371 617 2416 610,
645 2371 753 2407 1160
778 2355 980 2407 multis
1007 2356 1114 2420 (uti
1140 2355 1282 2420 dixi)
1309 2356 1687 2408 immorabor.
1716 2356 1876 2408 Nam
1903 2356 1955 2408 &
1982 2356 2057 2408 ob
2083 2357 2142 2409 id
2168 2359 2231 2408 in
2256 2356 2412 2409 hanc
2432 2355 2703 2408 ultimam

498 2429 675 2478 totius
708 2426 865 2478 Libri
898 2426 1354 2479 Conclusionem
1386 2427 1487 2479 1113
1518 2430 1715 2493 rejeci:
1749 2443 1868 2492 quo
1901 2443 2076 2492 parce
2108 2427 2325 2489 saltem,
2360 2427 2412 2479 &
2443 2443 2567 2480 non
2598 2426 2704 2479 nisi

501 2497 684 2549 obiter
705 2513 913 2549 eorum
932 2501 1297 2550 mentionem
1316 2498 1764 2551 introducerem.
2753 2514 2800 2550 30

571 2569 663 2620 De
679 2569 936 2621 Materia
951 2585 1086 2635 ergo
1101 2568 1204 2635 huj
1211 2585 1281 2622 us
1295 2569 1551 2622 ascititiae
1566 2569 1778 2631 816118,
1800 2576 1863 2622 111
1876 2585 2076 2622 11163111
2089 2572 2348 2635 primum
2360 2570 2706 2622 sententiam

500 2639 813 2704 proferam,
836 2640 1096 2693 existimo
1118 2656 1252 2693 eam
1273 2644 1519 2693 omnino
1542 2641 1847 2694 Caelestem
1866 2641 2040 2702 fuisse,
2062 2657 2099 2693 a
2118 2641 2482 2706 reliquarum
2504 2640 2705 2694 Stella-

500 2727 633 2762 rum
647 2713 894 2763 materia
905 2728 1029 2763 non
1040 2712 1459 2777 discrepantem
1470 2728 1482 2773 ;
1494 2728 1704 2764 verum
1714 2715 1777 2764 in
1788 2712 1901 2764 hoc
1912 2712 2114 2764 saltem
2125 2712 2510 2764 diverfitatem
2522 2712 2705 2764 admi-

500 2781 578 2843 sit,
601 2782 759 2846 quod
780 2782 855 2834 ad
875 2790 1101 2836 tantam
1115 2782 1532 2848 perfectionem
1547 2790 1601 2835 et
1615 2783 1860 2835 solidam
1876 2787 2462 2849 coagmentationem,
2484 2790 2707 2848 quanta

501 2856 563 2904 in
576 2853 934 2917 perennibus
949 2854 1139 2907 Stellis
1155 2854 1352 2916 existit,
1376 2855 1631 2907 exaltata
1644 2870 1769 2906 non
1785 2854 1990 2907 fuerat.
2013 2855 2271 2919 Ideoque
2293 2857 2486 2916 etiam,
2507 2860 2572 2906 ut
2591 2853 2705 2915 118,
2755 2870 2802 2905 35

501 2931 784 2989 perpetuo
805 2925 1018 2977 durare
1039 2941 1163 2977 non
1181 2925 1503 2987 sustinebat,
1524 2926 1620 2978 sed
1641 2926 2005 2987 dissolutioni‚
2026 2929 2306 2991 temporis
2325 2925 2585 2986 successu,
2607 2925 2706 2977 ob-

502 2998 684 3047 noxia
716 2996 1081 3049 reddebatur.
1116 2997 1203 3049 Ex
1232 2997 1357 3049 ulla
1384 2997 1668 3062 liquidem
1698 2997 2041 3049 elementari
2072 2998 2336 3057 materia,
2369 2996 2499 3048 haec
2528 2996 2708 3049 Stella

503 3082 885 3131 nequaquam
912 3067 1170 3120 constare
1196 3071 1401 3132 potuit,
1429 3084 1565 3120 cum
1586 3071 1740 3120 eain
1759 3068 2089 3120 altissimum
2108 3067 2355 3120 AEthera
2374 3083 2497 3119 non
2517 3070 2706 3132 rapia-

503 3143 617 3188 tur:
639 3153 833 3201 neque
853 3138 970 3190 illic
990 3139 1151 3191 sedes
1171 3138 1373 3191 firmas
1395 3139 1657 3191 obtinere
1679 3145 1871 3204 queat.
1893 3139 2063 3191 Adde
2084 3139 2244 3203 quod
2263 3138 2393 3191 1180
2408 3139 2587 3191 Stella
2605 3138 2708 3190 sua

504 3209 907 3272 magnitudine
921 3209 1054 3274 plus
1069 3226 1251 3274 quam
1264 3213 1587 3272 trecentieS‚
1605 3210 1843 3270 molem,
1859 3225 2041 3274 quam
2054 3209 2238 3261 Terra
2253 3209 2305 3261 &
2319 3210 2519 3262 Maria
2533 3209 2707 3261 effici-
2756 3224 2803 3259 40

506 3285 628 3338 unt,
650 3278 724 3330 ab
745 3282 911 3331 initio
934 3284 1291 3345 exuperavit.
1316 3281 1615 3345 Quaenam
1635 3284 1808 3346 igitur
1826 3281 2155 3333 sublunaris
2169 3283 2416 3333 materia
2431 3283 2558 3346 ejus
2572 3295 2707 3332 con-

506 3348 845 3401 formationi
866 3350 1184 3404 sufficeret?

2629 3422 2708 3473 At
