<?xml version="1.0" encoding="UTF-8"?>
<!DOCTYPE html PUBLIC "-//W3C//DTD XHTML 1.0 Transitional//EN"
    "http://www.w3.org/TR/xhtml1/DTD/xhtml1-transitional.dtd">
<html xmlns="http://www.w3.org/1999/xhtml" xml:lang="en" lang="en">
 <head>
  <title>
</title>
<meta http-equiv="Content-Type" content="text/html;charset=utf-8" />
  <meta name='ocr-system' content='tesseract 3.04.00' />
  <meta name='ocr-capabilities' content='ocr_page ocr_carea ocr_par ocr_line ocrx_word'/>
</head>
<body>
  <div class='ocr_page' id='page_1' title='image "./operaomniaedidit03brahuoft/operaomniaedidit03brahuoft_0350.png"; bbox 0 0 2976 4264; ppageno 0'>
   <div class='ocr_carea' id='block_1_1' title="bbox 538 318 2499 377">
    <p class='ocr_par' dir='ltr' id='par_1_1' title="bbox 538 318 2499 377">
     <span class='ocr_line' id='line_1_1' title="bbox 538 318 2499 377; baseline -0.002 0"><span class='ocrx_word' id='word_1_1' title='bbox 538 326 643 377; x_wconf 89' lang='lat'><strong>338</strong></span> <span class='ocrx_word' id='word_1_2' title='bbox 781 322 1302 376; x_wconf 89' lang='lat' dir='ltr'><strong>STELLARUM</strong></span> <span class='ocrx_word' id='word_1_3' title='bbox 1330 318 1956 372; x_wconf 88' lang='lat' dir='ltr'><strong>INERRANTIUM</strong></span> <span class='ocrx_word' id='word_1_4' title='bbox 1984 319 2499 374; x_wconf 90' lang='lat' dir='ltr'><strong>RESTITUTIO</strong></span> 
     </span>
    </p>
   </div>
   <div class='ocr_carea' id='block_1_2' title="bbox 523 461 2738 3369">
    <p class='ocr_par' dir='ltr' id='par_1_2' title="bbox 523 461 2738 3369">
     <span class='ocr_line' id='line_1_2' title="bbox 537 461 2736 527; baseline -0.001 -11"><span class='ocrx_word' id='word_1_5' title='bbox 537 464 946 517; x_wconf 90' lang='lat' dir='ltr'><strong>tantummodo</strong></span> <span class='ocrx_word' id='word_1_6' title='bbox 969 461 1483 526; x_wconf 69' lang='lat' dir='ltr'><strong>AEquinodtiorum</strong></span> <span class='ocrx_word' id='word_1_7' title='bbox 1508 463 1961 525; x_wconf 75' lang='lat' dir='ltr'><strong>praecessionem</strong></span> <span class='ocrx_word' id='word_1_8' title='bbox 1986 463 2224 524; x_wconf 93' lang='lat' dir='ltr'><strong>propria</strong></span> <span class='ocrx_word' id='word_1_9' title='bbox 2251 462 2508 525; x_wconf 92' lang='lat' dir='ltr'><strong>quadam</strong></span> <span class='ocrx_word' id='word_1_10' title='bbox 2536 478 2736 527; x_wconf 93' lang='lat' dir='ltr'><strong>specu-</strong></span> 
     </span>
     <span class='ocr_line' id='line_1_3' title="bbox 537 531 2738 598; baseline 0 -12"><span class='ocrx_word' id='word_1_11' title='bbox 537 536 755 587; x_wconf 84' lang='lat' dir='ltr'><strong>latione</strong></span> <span class='ocrx_word' id='word_1_12' title='bbox 783 536 1184 598; x_wconf 85' lang='lat' dir='ltr'><strong>excogitatam,</strong></span> <span class='ocrx_word' id='word_1_13' title='bbox 1212 532 1455 597; x_wconf 93' lang='lat' dir='ltr'><strong>singulis</strong></span> <span class='ocrx_word' id='word_1_14' title='bbox 1481 531 1842 595; x_wconf 88' lang='lat' dir='ltr'><strong>temporibus</strong></span> <span class='ocrx_word' id='word_1_15' title='bbox 1861 531 2240 596; x_wconf 92' lang='lat' dir='ltr'><strong>Longitudini</strong></span> <span class='ocrx_word' id='word_1_16' title='bbox 2266 547 2472 584; x_wconf 88' lang='lat' dir='ltr'><strong>earum</strong></span> <span class='ocrx_word' id='word_1_17' title='bbox 2492 548 2529 585; x_wconf 92' lang='lat' dir='ltr'><strong>a</strong></span> <span class='ocrx_word' id='word_1_18' title='bbox 2547 536 2738 598; x_wconf 89' lang='lat' dir='ltr'><strong>prima</strong></span> 
     </span>
     <span class='ocr_line' id='line_1_4' title="bbox 536 601 2736 669; baseline -0 -12"><span class='ocrx_word' id='word_1_19' title='bbox 536 607 768 665; x_wconf 83' lang='lat' dir='ltr'><strong>ArietiS‚</strong></span> <span class='ocrx_word' id='word_1_20' title='bbox 790 604 1110 656; x_wconf 87' lang='lat' dir='ltr'><strong>secundum</strong></span> <span class='ocrx_word' id='word_1_21' title='bbox 1131 619 1423 655; x_wconf 90' lang='lat' dir='ltr'><strong>canonem</strong></span> <span class='ocrx_word' id='word_1_22' title='bbox 1442 602 1612 654; x_wconf 92' lang='lat' dir='ltr'><strong>illum</strong></span> <span class='ocrx_word' id='word_1_23' title='bbox 1631 607 1893 653; x_wconf 91' lang='lat' dir='ltr'><strong>ueterem</strong></span> <span class='ocrx_word' id='word_1_24' title='bbox 1907 601 2238 666; x_wconf 89' lang='lat' dir='ltr'><strong>Hipparchi</strong></span> <span class='ocrx_word' id='word_1_25' title='bbox 2253 602 2305 654; x_wconf 87' lang='lat'>&amp;</span> <span class='ocrx_word' id='word_1_26' title='bbox 2318 603 2620 656; x_wconf 84' lang='lat' dir='ltr'><strong>Ptolemaei</strong></span> <span class='ocrx_word' id='word_1_27' title='bbox 2637 620 2736 669; x_wconf 91' lang='lat' dir='ltr'><strong>ap-</strong></span> 
     </span>
     <span class='ocr_line' id='line_1_5' title="bbox 536 673 2735 741; baseline -0 -14"><span class='ocrx_word' id='word_1_28' title='bbox 536 676 874 741; x_wconf 87' lang='lat' dir='ltr'><strong>ponendam</strong></span> <span class='ocrx_word' id='word_1_29' title='bbox 900 675 1139 726; x_wconf 84' lang='lat' dir='ltr'><strong>cenl&#39;uit:</strong></span> <span class='ocrx_word' id='word_1_30' title='bbox 1167 677 1366 737; x_wconf 92' lang='lat' dir='ltr'><strong>sicque</strong></span> <span class='ocrx_word' id='word_1_31' title='bbox 1392 673 1743 738; x_wconf 89' lang='lat' dir='ltr'><strong>multiplices</strong></span> <span class='ocrx_word' id='word_1_32' title='bbox 1770 688 1996 724; x_wconf 93' lang='lat' dir='ltr'><strong>errores</strong></span> <span class='ocrx_word' id='word_1_33' title='bbox 2022 675 2085 724; x_wconf 92' lang='lat' dir='ltr'><strong>in</strong></span> <span class='ocrx_word' id='word_1_34' title='bbox 2110 673 2349 725; x_wconf 93' lang='lat' dir='ltr'><strong>illorum</strong></span> <span class='ocrx_word' id='word_1_35' title='bbox 2375 673 2560 727; x_wconf 90' lang='lat' dir='ltr'><strong>abaco</strong></span> <span class='ocrx_word' id='word_1_36' title='bbox 2581 690 2735 726; x_wconf 93' lang='lat' dir='ltr'><strong>com-</strong></span> 
     </span>
     <span class='ocr_line' id='line_1_6' title="bbox 535 743 2738 809; baseline 0 -11"><span class='ocrx_word' id='word_1_37' title='bbox 535 750 745 798; x_wconf 91' lang='lat' dir='ltr'><strong>missos</strong></span> <span class='ocrx_word' id='word_1_38' title='bbox 759 762 882 797; x_wconf 91' lang='lat' dir='ltr'><strong>non</strong></span> <span class='ocrx_word' id='word_1_39' title='bbox 896 748 1248 809; x_wconf 90' lang='lat' dir='ltr'><strong>repurgauit,</strong></span> <span class='ocrx_word' id='word_1_40' title='bbox 1269 744 1365 796; x_wconf 86' lang='lat' dir='ltr'><strong>sed</strong></span> <span class='ocrx_word' id='word_1_41' title='bbox 1380 747 1574 809; x_wconf 93' lang='lat' dir='ltr'><strong>potius</strong></span> <span class='ocrx_word' id='word_1_42' title='bbox 1588 743 1888 795; x_wconf 89' lang='lat' dir='ltr'><strong>stabiliuit:</strong></span> <span class='ocrx_word' id='word_1_43' title='bbox 1911 747 2186 808; x_wconf 90' lang='lat' dir='ltr'><strong>quamuis</strong></span> <span class='ocrx_word' id='word_1_44' title='bbox 2200 745 2406 808; x_wconf 89' lang='lat' dir='ltr'><strong>procul</strong></span> <span class='ocrx_word' id='word_1_45' title='bbox 2420 745 2599 797; x_wconf 94' lang='lat' dir='ltr'><strong>dubio</strong></span> <span class='ocrx_word' id='word_1_46' title='bbox 2614 762 2738 798; x_wconf 96' lang='lat' dir='ltr'><strong>non</strong></span> 
     </span>
     <span class='ocr_line' id='line_1_7' title="bbox 535 814 2736 882; baseline 0 -14"><span class='ocrx_word' id='word_1_47' title='bbox 535 821 790 882; x_wconf 85' lang='lat' dir='ltr'><strong>ignaruS,</strong></span> <span class='ocrx_word' id='word_1_48' title='bbox 813 832 1021 868; x_wconf 92' lang='lat' dir='ltr'><strong>eorum</strong></span> <span class='ocrx_word' id='word_1_49' title='bbox 1039 831 1320 867; x_wconf 93' lang='lat' dir='ltr'><strong>numeros</strong></span> <span class='ocrx_word' id='word_1_50' title='bbox 1340 831 1465 866; x_wconf 94' lang='lat' dir='ltr'><strong>non</strong></span> <span class='ocrx_word' id='word_1_51' title='bbox 1484 815 1869 879; x_wconf 88' lang='lat' dir='ltr'><strong>undiquaque</strong></span> <span class='ocrx_word' id='word_1_52' title='bbox 1883 817 1989 866; x_wconf 91' lang='lat' dir='ltr'><strong>rite</strong></span> <span class='ocrx_word' id='word_1_53' title='bbox 2003 814 2058 866; x_wconf 84' lang='lat' dir='ltr'><strong>se</strong></span> <span class='ocrx_word' id='word_1_54' title='bbox 2072 814 2307 867; x_wconf 90' lang='lat' dir='ltr'><strong>habere.</strong></span> <span class='ocrx_word' id='word_1_55' title='bbox 2329 816 2586 880; x_wconf 89' lang='lat' dir='ltr'><strong>Ideoque</strong></span> <span class='ocrx_word' id='word_1_56' title='bbox 2601 832 2736 868; x_wconf 96' lang='lat' dir='ltr'><strong>con-</strong></span> 
     </span>
     <span class='ocr_line' id='line_1_8' title="bbox 536 885 2736 952; baseline 0 -13"><span class='ocrx_word' id='word_1_57' title='bbox 536 895 774 952; x_wconf 91' lang='lat' dir='ltr'><strong>questus</strong></span> <span class='ocrx_word' id='word_1_58' title='bbox 795 894 894 947; x_wconf 91' lang='lat' dir='ltr'><strong>est,</strong></span> <span class='ocrx_word' id='word_1_59' title='bbox 916 887 1201 938; x_wconf 88' lang='lat' dir='ltr'><strong>referente</strong></span> <span class='ocrx_word' id='word_1_60' title='bbox 1217 886 1458 938; x_wconf 89' lang='lat' dir='ltr'><strong>Rhetico</strong></span> <span class='ocrx_word' id='word_1_61' title='bbox 1473 888 1656 950; x_wconf 92' lang='lat' dir='ltr'><strong>ipsius</strong></span> <span class='ocrx_word' id='word_1_62' title='bbox 1669 888 1971 950; x_wconf 91' lang='lat' dir='ltr'><strong>praecipuo</strong></span> <span class='ocrx_word' id='word_1_63' title='bbox 1986 885 2282 950; x_wconf 83' lang='lat' dir='ltr'><strong>discipulo,</strong></span> <span class='ocrx_word' id='word_1_64' title='bbox 2302 886 2558 939; x_wconf 88' lang='lat' dir='ltr'><strong>fixarum</strong></span> <span class='ocrx_word' id='word_1_65' title='bbox 2577 890 2736 939; x_wconf 91' lang='lat' dir='ltr'><strong>resti-</strong></span> 
     </span>
     <span class='ocr_line' id='line_1_9' title="bbox 535 954 2737 1024; baseline 0 -14"><span class='ocrx_word' id='word_1_66' title='bbox 535 961 823 1011; x_wconf 90' lang='lat' dir='ltr'><strong>tutionem</strong></span> <span class='ocrx_word' id='word_1_67' title='bbox 849 964 1186 1010; x_wconf 89' lang='lat' dir='ltr'><strong>accuratam</strong></span> <span class='ocrx_word' id='word_1_68' title='bbox 1212 957 1288 1009; x_wconf 91' lang='lat' dir='ltr'><strong>ad</strong></span> <span class='ocrx_word' id='word_1_69' title='bbox 1308 957 1687 1009; x_wconf 91' lang='lat' dir='ltr'><strong>Planetarum</strong></span> <span class='ocrx_word' id='word_1_70' title='bbox 1711 956 1844 1008; x_wconf 87' lang='lat' dir='ltr'><strong>loca</strong></span> <span class='ocrx_word' id='word_1_71' title='bbox 1863 954 2074 1008; x_wconf 66' lang='lat' dir='ltr'><strong>rectius</strong></span> <span class='ocrx_word' id='word_1_72' title='bbox 2094 958 2501 1022; x_wconf 90' lang='lat' dir='ltr'><strong>cognoscenda</strong></span> <span class='ocrx_word' id='word_1_73' title='bbox 2518 974 2737 1024; x_wconf 91' lang='lat' dir='ltr'><strong>magno</strong></span> 
     </span>
     <span class='ocr_line' id='line_1_10' title="bbox 534 1028 2736 1093; baseline 0 -12"><span class='ocrx_word' id='word_1_74' title='bbox 534 1031 693 1081; x_wconf 89' lang='lat' dir='ltr'><strong>Artis</strong></span> <span class='ocrx_word' id='word_1_75' title='bbox 713 1029 1092 1081; x_wconf 93' lang='lat' dir='ltr'><strong>incommodo</strong></span> <span class='ocrx_word' id='word_1_76' title='bbox 1113 1028 1447 1080; x_wconf 90' lang='lat' dir='ltr'><strong>desiderari.</strong></span> <span class='ocrx_word' id='word_1_77' title='bbox 1469 1029 1929 1080; x_wconf 88' lang='lat' dir='ltr'><strong>Praecessionem</strong></span> <span class='ocrx_word' id='word_1_78' title='bbox 1943 1028 2183 1092; x_wconf 90' lang='lat' dir='ltr'><strong>quidem</strong></span> <span class='ocrx_word' id='word_1_79' title='bbox 2196 1028 2361 1081; x_wconf 91' lang='lat' dir='ltr'><strong>illam</strong></span> <span class='ocrx_word' id='word_1_80' title='bbox 2373 1028 2736 1093; x_wconf 75' lang='lat' dir='ltr'><strong>AEquinoc&#39;ti-</strong></span> 
     </span>
     <span class='ocr_line' id='line_1_11' title="bbox 534 1099 2735 1164; baseline 0 -12"><span class='ocrx_word' id='word_1_81' title='bbox 534 1117 722 1161; x_wconf 89' lang='lat' dir='ltr'><strong>orum,</strong></span> <span class='ocrx_word' id='word_1_82' title='bbox 745 1117 864 1164; x_wconf 91' lang='lat' dir='ltr'><strong>qua</strong></span> <span class='ocrx_word' id='word_1_83' title='bbox 882 1100 1140 1151; x_wconf 90' lang='lat' dir='ltr'><strong>fixarum</strong></span> <span class='ocrx_word' id='word_1_84' title='bbox 1159 1105 1544 1164; x_wconf 90' lang='lat' dir='ltr'><strong>apparentem</strong></span> <span class='ocrx_word' id='word_1_85' title='bbox 1557 1105 1754 1150; x_wconf 90' lang='lat' dir='ltr'><strong>motus</strong></span> <span class='ocrx_word' id='word_1_86' title='bbox 1768 1099 2233 1164; x_wconf 86' lang='lat' dir='ltr'><strong>inaequalitatem</strong></span> <span class='ocrx_word' id='word_1_87' title='bbox 2247 1115 2284 1151; x_wconf 92' lang='lat' dir='ltr'><strong>a</strong></span> <span class='ocrx_word' id='word_1_88' title='bbox 2296 1100 2735 1164; x_wconf 88' lang='lat' dir='ltr'><strong>praedecessori-</strong></span> 
     </span>
     <span class='ocr_line' id='line_1_12' title="bbox 533 1170 2735 1236; baseline 0 -13"><span class='ocrx_word' id='word_1_89' title='bbox 533 1172 643 1224; x_wconf 92' lang='lat' dir='ltr'><strong>bus</strong></span> <span class='ocrx_word' id='word_1_90' title='bbox 655 1170 964 1223; x_wconf 73' lang='lat' dir='ltr'><strong>deductam</strong></span> <span class='ocrx_word' id='word_1_91' title='bbox 975 1171 1208 1223; x_wconf 92' lang='lat' dir='ltr'><strong>saluare</strong></span> <span class='ocrx_word' id='word_1_92' title='bbox 1223 1174 1399 1222; x_wconf 89' lang='lat' dir='ltr'><strong>nixus</strong></span> <span class='ocrx_word' id='word_1_93' title='bbox 1414 1176 1514 1231; x_wconf 88' lang='lat' dir='ltr'><strong>est,</strong></span> <span class='ocrx_word' id='word_1_94' title='bbox 1530 1170 1757 1222; x_wconf 90' lang='lat' dir='ltr'><strong>solertis</strong></span> <span class='ocrx_word' id='word_1_95' title='bbox 1770 1172 1986 1235; x_wconf 90' lang='lat' dir='ltr'><strong>ingenij</strong></span> <span class='ocrx_word' id='word_1_96' title='bbox 2002 1173 2274 1222; x_wconf 90' lang='lat' dir='ltr'><strong>acumine</strong></span> <span class='ocrx_word' id='word_1_97' title='bbox 2288 1171 2735 1236; x_wconf 90' lang='lat' dir='ltr'><strong>imaginabatur,</strong></span> 
     </span>
     <span class='ocr_line' id='line_1_13' title="bbox 534 1242 2737 1307; baseline 0 -13"><span class='ocrx_word' id='word_1_98' title='bbox 534 1259 653 1307; x_wconf 93' lang='lat' dir='ltr'><strong>qua</strong></span> <span class='ocrx_word' id='word_1_99' title='bbox 674 1246 851 1294; x_wconf 90' lang='lat' dir='ltr'><strong>etiam</strong></span> <span class='ocrx_word' id='word_1_100' title='bbox 871 1243 1280 1294; x_wconf 89' lang='lat' dir='ltr'><strong>antecedentes</strong></span> <span class='ocrx_word' id='word_1_101' title='bbox 1301 1244 1679 1293; x_wconf 89' lang='lat' dir='ltr'><strong>enormitates</strong></span> <span class='ocrx_word' id='word_1_102' title='bbox 1694 1257 1876 1305; x_wconf 89' lang='lat' dir='ltr'><strong>quam</strong></span> <span class='ocrx_word' id='word_1_103' title='bbox 1889 1244 2156 1305; x_wconf 85' lang='lat' dir='ltr'><strong>proxime</strong></span> <span class='ocrx_word' id='word_1_104' title='bbox 2172 1242 2446 1294; x_wconf 82' lang='lat' dir='ltr'><strong>excusare</strong></span> <span class='ocrx_word' id='word_1_105' title='bbox 2460 1242 2637 1294; x_wconf 90' lang='lat' dir='ltr'><strong>licuit.</strong></span> <span class='ocrx_word' id='word_1_106' title='bbox 2658 1243 2737 1294; x_wconf 90' lang='lat' dir='ltr'><strong>At</strong></span> 
     </span>
     <span class='ocr_line' id='line_1_14' title="bbox 534 1311 2737 1378; baseline 0 -13"><span class='ocrx_word' id='word_1_107' title='bbox 534 1314 693 1378; x_wconf 95' lang='lat' dir='ltr'><strong>quod</strong></span> <span class='ocrx_word' id='word_1_108' title='bbox 722 1313 852 1365; x_wconf 83' lang='lat' dir='ltr'><strong>haec</strong></span> <span class='ocrx_word' id='word_1_109' title='bbox 881 1316 943 1364; x_wconf 93' lang='lat' dir='ltr'><strong>in</strong></span> <span class='ocrx_word' id='word_1_110' title='bbox 972 1316 1112 1378; x_wconf 93' lang='lat' dir='ltr'><strong>ipsis</strong></span> <span class='ocrx_word' id='word_1_111' title='bbox 1143 1313 1476 1365; x_wconf 91' lang='lat' dir='ltr'><strong>coelestibus</strong></span> <span class='ocrx_word' id='word_1_112' title='bbox 1506 1315 1864 1378; x_wconf 89' lang='lat' dir='ltr'><strong>apparentijs</strong></span> <span class='ocrx_word' id='word_1_113' title='bbox 1893 1311 2113 1377; x_wconf 90' lang='lat' dir='ltr'><strong>ubique</strong></span> <span class='ocrx_word' id='word_1_114' title='bbox 2144 1319 2199 1364; x_wconf 92' lang='lat' dir='ltr'><strong>et</strong></span> <span class='ocrx_word' id='word_1_115' title='bbox 2227 1320 2510 1377; x_wconf 90' lang='lat' dir='ltr'><strong>perpetuo</strong></span> <span class='ocrx_word' id='word_1_116' title='bbox 2538 1313 2737 1366; x_wconf 93' lang='lat' dir='ltr'><strong>locum</strong></span> 
     </span>
     <span class='ocr_line' id='line_1_15' title="bbox 533 1383 2735 1448; baseline -0 -11"><span class='ocrx_word' id='word_1_117' title='bbox 533 1385 762 1446; x_wconf 91' lang='lat' dir='ltr'><strong>habeat,</strong></span> <span class='ocrx_word' id='word_1_118' title='bbox 783 1387 887 1436; x_wconf 92' lang='lat' dir='ltr'><strong>uix</strong></span> <span class='ocrx_word' id='word_1_119' title='bbox 907 1385 1238 1445; x_wconf 92' lang='lat' dir='ltr'><strong>obtinuerit,</strong></span> <span class='ocrx_word' id='word_1_120' title='bbox 1260 1385 1552 1448; x_wconf 90' lang='lat' dir='ltr'><strong>siquidem</strong></span> <span class='ocrx_word' id='word_1_121' title='bbox 1573 1383 1792 1448; x_wconf 92' lang='lat' dir='ltr'><strong>(utalia</strong></span> <span class='ocrx_word' id='word_1_122' title='bbox 1804 1399 1964 1435; x_wconf 90' lang='lat' dir='ltr'><strong>nunc</strong></span> <span class='ocrx_word' id='word_1_123' title='bbox 1977 1383 2348 1448; x_wconf 89' lang='lat' dir='ltr'><strong>praeteream)</strong></span> <span class='ocrx_word' id='word_1_124' title='bbox 2370 1384 2468 1436; x_wconf 92' lang='lat' dir='ltr'><strong>uel</strong></span> <span class='ocrx_word' id='word_1_125' title='bbox 2484 1384 2598 1436; x_wconf 92' lang='lat' dir='ltr'><strong>hoc</strong></span> <span class='ocrx_word' id='word_1_126' title='bbox 2611 1391 2735 1437; x_wconf 90' lang='lat' dir='ltr'><strong>tan-</strong></span> 
     </span>
     <span class='ocr_line' id='line_1_16' title="bbox 532 1455 2737 1521; baseline 0 -14"><span class='ocrx_word' id='word_1_127' title='bbox 532 1456 656 1507; x_wconf 93' lang='lat' dir='ltr'><strong>tillo</strong></span> <span class='ocrx_word' id='word_1_128' title='bbox 676 1462 956 1521; x_wconf 91' lang='lat' dir='ltr'><strong>tempore,</strong></span> <span class='ocrx_word' id='word_1_129' title='bbox 979 1456 1138 1520; x_wconf 94' lang='lat' dir='ltr'><strong>quod</strong></span> <span class='ocrx_word' id='word_1_130' title='bbox 1160 1471 1298 1507; x_wconf 92' lang='lat' dir='ltr'><strong>eum</strong></span> <span class='ocrx_word' id='word_1_131' title='bbox 1318 1462 1373 1507; x_wconf 91' lang='lat' dir='ltr'><strong>et</strong></span> <span class='ocrx_word' id='word_1_132' title='bbox 1392 1471 1502 1507; x_wconf 93' lang='lat' dir='ltr'><strong>nos</strong></span> <span class='ocrx_word' id='word_1_133' title='bbox 1516 1457 1853 1516; x_wconf 87' lang='lat' dir='ltr'><strong>intercessit,</strong></span> <span class='ocrx_word' id='word_1_134' title='bbox 1874 1455 2192 1506; x_wconf 90' lang='lat' dir='ltr'><strong>Annorum</strong></span> <span class='ocrx_word' id='word_1_135' title='bbox 2207 1458 2429 1507; x_wconf 91' lang='lat' dir='ltr'><strong>circiter</strong></span> <span class='ocrx_word' id='word_1_136' title='bbox 2441 1455 2737 1520; x_wconf 85' lang='lat' dir='ltr'><strong>sexaginta</strong></span> 
     </span>
     <span class='ocr_line' id='line_1_17' title="bbox 532 1524 2736 1592; baseline 0 -13"><span class='ocrx_word' id='word_1_137' title='bbox 532 1527 631 1579; x_wconf 92' lang='lat' dir='ltr'><strong>uel</strong></span> <span class='ocrx_word' id='word_1_138' title='bbox 651 1530 1033 1592; x_wconf 92' lang='lat' dir='ltr'><strong>septuaginta,</strong></span> <span class='ocrx_word' id='word_1_139' title='bbox 1053 1524 1435 1591; x_wconf 62' lang='lat' dir='ltr'><strong>AEquinoctia</strong></span> <span class='ocrx_word' id='word_1_140' title='bbox 1453 1526 1640 1578; x_wconf 92' lang='lat' dir='ltr'><strong>multo</strong></span> <span class='ocrx_word' id='word_1_141' title='bbox 1662 1526 1908 1578; x_wconf 92' lang='lat' dir='ltr'><strong>celerius</strong></span> <span class='ocrx_word' id='word_1_142' title='bbox 1923 1541 2050 1578; x_wconf 91' lang='lat' dir='ltr'><strong>sese</strong></span> <span class='ocrx_word' id='word_1_143' title='bbox 2065 1528 2532 1591; x_wconf 89' lang='lat' dir='ltr'><strong>anticipauerint‚</strong></span> <span class='ocrx_word' id='word_1_144' title='bbox 2554 1542 2736 1591; x_wconf 86' lang='lat' dir='ltr'><strong>quam</strong></span> 
     </span>
     <span class='ocr_line' id='line_1_18' title="bbox 534 1597 2735 1663; baseline -0 -13"><span class='ocrx_word' id='word_1_145' title='bbox 534 1601 659 1650; x_wconf 94' lang='lat' dir='ltr'><strong>eius</strong></span> <span class='ocrx_word' id='word_1_146' title='bbox 679 1598 787 1650; x_wconf 90' lang='lat' dir='ltr'><strong>fert</strong></span> <span class='ocrx_word' id='word_1_147' title='bbox 807 1597 1188 1663; x_wconf 83' lang='lat' dir='ltr'><strong>HypothesiS,</strong></span> <span class='ocrx_word' id='word_1_148' title='bbox 1216 1604 1392 1662; x_wconf 91' lang='lat' dir='ltr'><strong>atque</strong></span> <span class='ocrx_word' id='word_1_149' title='bbox 1413 1597 1551 1649; x_wconf 91' lang='lat' dir='ltr'><strong>hinc</strong></span> <span class='ocrx_word' id='word_1_150' title='bbox 1572 1598 1823 1649; x_wconf 89' lang='lat' dir='ltr'><strong>deriuati</strong></span> <span class='ocrx_word' id='word_1_151' title='bbox 1843 1600 2092 1649; x_wconf 91' lang='lat' dir='ltr'><strong>numeri.</strong></span> <span class='ocrx_word' id='word_1_152' title='bbox 2114 1597 2283 1649; x_wconf 89' lang='lat' dir='ltr'><strong>Vnde</strong></span> <span class='ocrx_word' id='word_1_153' title='bbox 2302 1597 2382 1658; x_wconf 90' lang='lat' dir='ltr'><strong>fit,</strong></span> <span class='ocrx_word' id='word_1_154' title='bbox 2410 1604 2474 1649; x_wconf 95' lang='lat' dir='ltr'><strong>ut</strong></span> <span class='ocrx_word' id='word_1_155' title='bbox 2494 1613 2630 1650; x_wconf 94' lang='lat' dir='ltr'><strong>cum</strong></span> <span class='ocrx_word' id='word_1_156' title='bbox 2650 1601 2735 1650; x_wconf 91' lang='lat' dir='ltr'><strong>in—</strong></span> 
     </span>
     <span class='ocr_line' id='line_1_19' title="bbox 532 1669 2736 1733; baseline -0 -12"><span class='ocrx_word' id='word_1_157' title='bbox 532 1672 707 1721; x_wconf 93' lang='lat' dir='ltr'><strong>stanti</strong></span> <span class='ocrx_word' id='word_1_158' title='bbox 733 1670 933 1721; x_wconf 90' lang='lat' dir='ltr'><strong>seculo</strong></span> <span class='ocrx_word' id='word_1_159' title='bbox 960 1669 1155 1721; x_wconf 87' lang='lat' dir='ltr'><strong>Stellae</strong></span> <span class='ocrx_word' id='word_1_160' title='bbox 1182 1669 1227 1720; x_wconf 95' lang='lat' dir='ltr'>F</span> <span class='ocrx_word' id='word_1_161' title='bbox 1228 1672 1343 1721; x_wconf 87' lang='lat' dir='ltr'><strong>ixae</strong></span> <span class='ocrx_word' id='word_1_162' title='bbox 1370 1685 1560 1721; x_wconf 92' lang='lat' dir='ltr'><strong>unum</strong></span> <span class='ocrx_word' id='word_1_163' title='bbox 1582 1669 1855 1721; x_wconf 89' lang='lat' dir='ltr'><strong>Gradum</strong></span> <span class='ocrx_word' id='word_1_164' title='bbox 1880 1671 1943 1720; x_wconf 93' lang='lat' dir='ltr'><strong>in</strong></span> <span class='ocrx_word' id='word_1_165' title='bbox 1969 1671 2229 1720; x_wconf 91' lang='lat' dir='ltr'><strong>centenis</strong></span> <span class='ocrx_word' id='word_1_166' title='bbox 2253 1671 2522 1733; x_wconf 91' lang='lat' dir='ltr'><strong>proxime</strong></span> <span class='ocrx_word' id='word_1_167' title='bbox 2542 1670 2736 1720; x_wconf 91' lang='lat' dir='ltr'><strong>Annis</strong></span> 
     </span>
     <span class='ocr_line' id='line_1_20' title="bbox 531 1740 2735 1805; baseline 0 -13"><span class='ocrx_word' id='word_1_168' title='bbox 531 1743 695 1792; x_wconf 89' lang='lat' dir='ltr'><strong>iuxta</strong></span> <span class='ocrx_word' id='word_1_169' title='bbox 720 1741 890 1792; x_wconf 93' lang='lat' dir='ltr'><strong>illum</strong></span> <span class='ocrx_word' id='word_1_170' title='bbox 916 1740 1218 1792; x_wconf 85' lang='lat' dir='ltr'><strong>absoluere</strong></span> <span class='ocrx_word' id='word_1_171' title='bbox 1245 1740 1510 1802; x_wconf 91' lang='lat' dir='ltr'><strong>debeant,</strong></span> <span class='ocrx_word' id='word_1_172' title='bbox 1538 1741 1597 1792; x_wconf 96' lang='lat' dir='ltr'><strong>id</strong></span> <span class='ocrx_word' id='word_1_173' title='bbox 1616 1743 1812 1805; x_wconf 93' lang='lat' dir='ltr'><strong>potius</strong></span> <span class='ocrx_word' id='word_1_174' title='bbox 1831 1743 1894 1791; x_wconf 94' lang='lat' dir='ltr'><strong>in</strong></span> <span class='ocrx_word' id='word_1_175' title='bbox 1914 1740 2014 1794; x_wconf 44' lang='lat'><strong>703</strong></span> <span class='ocrx_word' id='word_1_176' title='bbox 2034 1740 2362 1804; x_wconf 90' lang='lat' dir='ltr'><strong>expediant.</strong></span> <span class='ocrx_word' id='word_1_177' title='bbox 2391 1740 2478 1792; x_wconf 89' lang='lat' dir='ltr'><strong>Ita</strong></span> <span class='ocrx_word' id='word_1_178' title='bbox 2498 1755 2735 1804; x_wconf 91' lang='lat' dir='ltr'><strong>quoque</strong></span> 
     </span>
     <span class='ocr_line' id='line_1_21' title="bbox 531 1811 2733 1876; baseline -0 -13"><span class='ocrx_word' id='word_1_179' title='bbox 531 1813 694 1863; x_wconf 90' lang='lat' dir='ltr'><strong>Anni</strong></span> <span class='ocrx_word' id='word_1_180' title='bbox 716 1814 1124 1876; x_wconf 82' lang='lat' dir='ltr'><strong>quantitatem,</strong></span> <span class='ocrx_word' id='word_1_181' title='bbox 1142 1827 1277 1863; x_wconf 93' lang='lat' dir='ltr'><strong>cum</strong></span> <span class='ocrx_word' id='word_1_182' title='bbox 1297 1811 1427 1863; x_wconf 89' lang='lat' dir='ltr'><strong>haec</strong></span> <span class='ocrx_word' id='word_1_183' title='bbox 1447 1811 1566 1863; x_wconf 94' lang='lat' dir='ltr'><strong>duo</strong></span> <span class='ocrx_word' id='word_1_184' title='bbox 1587 1814 1751 1863; x_wconf 88' lang='lat' dir='ltr'><strong>iuxta</strong></span> <span class='ocrx_word' id='word_1_185' title='bbox 1771 1814 1955 1876; x_wconf 94' lang='lat' dir='ltr'><strong>ipsius</strong></span> <span class='ocrx_word' id='word_1_186' title='bbox 1974 1811 2438 1876; x_wconf 90' lang='lat' dir='ltr'><strong>speculationem</strong></span> <span class='ocrx_word' id='word_1_187' title='bbox 2452 1827 2490 1863; x_wconf 91' lang='lat' dir='ltr'><strong>a</strong></span> <span class='ocrx_word' id='word_1_188' title='bbox 2503 1826 2564 1863; x_wconf 90' lang='lat' dir='ltr'><strong>se</strong></span> <span class='ocrx_word' id='word_1_189' title='bbox 2582 1813 2733 1863; x_wconf 93' lang='lat' dir='ltr'><strong>inui-</strong></span> 
     </span>
     <span class='ocr_line' id='line_1_22' title="bbox 533 1881 2735 1947; baseline 0 -12"><span class='ocrx_word' id='word_1_190' title='bbox 533 1898 660 1935; x_wconf 92' lang='lat' dir='ltr'><strong>cem</strong></span> <span class='ocrx_word' id='word_1_191' title='bbox 675 1886 844 1947; x_wconf 92' lang='lat' dir='ltr'><strong>quasi</strong></span> <span class='ocrx_word' id='word_1_192' title='bbox 859 1883 1244 1947; x_wconf 89' lang='lat' dir='ltr'><strong>dependeant,</strong></span> <span class='ocrx_word' id='word_1_193' title='bbox 1266 1899 1425 1934; x_wconf 93' lang='lat' dir='ltr'><strong>nunc</strong></span> <span class='ocrx_word' id='word_1_194' title='bbox 1439 1885 1616 1934; x_wconf 91' lang='lat' dir='ltr'><strong>nimis</strong></span> <span class='ocrx_word' id='word_1_195' title='bbox 1629 1882 1859 1934; x_wconf 91' lang='lat' dir='ltr'><strong>tardam</strong></span> <span class='ocrx_word' id='word_1_196' title='bbox 1874 1881 2137 1943; x_wconf 93' lang='lat' dir='ltr'><strong>reddidit,</strong></span> <span class='ocrx_word' id='word_1_197' title='bbox 2159 1882 2419 1934; x_wconf 88' lang='lat' dir='ltr'><strong>efficiens</strong></span> <span class='ocrx_word' id='word_1_198' title='bbox 2434 1898 2568 1934; x_wconf 92' lang='lat' dir='ltr'><strong>eam</strong></span> <span class='ocrx_word' id='word_1_199' title='bbox 2582 1882 2735 1935; x_wconf 85' lang='lat' dir='ltr'><strong>ultra</strong></span> 
     </span>
     <span class='ocr_line' id='line_1_23' title="bbox 533 1953 2733 2019; baseline 0 -14"><span class='ocrx_word' id='word_1_200' title='bbox 533 1954 655 2006; x_wconf 91' lang='lat' dir='ltr'><strong>dies</strong></span> <span class='ocrx_word' id='word_1_201' title='bbox 680 1954 814 2006; x_wconf 82' lang='lat' dir='ltr'><strong>suos</strong></span> <span class='ocrx_word' id='word_1_202' title='bbox 842 1954 893 2005; x_wconf 86' lang='lat'>&amp;</span> <span class='ocrx_word' id='word_1_203' title='bbox 919 1954 1098 2006; x_wconf 90' lang='lat' dir='ltr'><strong>horas</strong></span> <span class='ocrx_word' id='word_1_204' title='bbox 1125 1955 1502 2005; x_wconf 93' lang='lat' dir='ltr'><strong>Minutorum</strong></span> <span class='ocrx_word' id='word_1_205' title='bbox 1526 1954 1626 2007; x_wconf 54' lang='grc'><strong>551</strong></span> <span class='ocrx_word' id='word_1_206' title='bbox 1651 1956 1936 2018; x_wconf 88' lang='lat' dir='ltr'><strong>proxime,</strong></span> <span class='ocrx_word' id='word_1_207' title='bbox 1967 1969 2103 2005; x_wconf 93' lang='lat' dir='ltr'><strong>cum</strong></span> <span class='ocrx_word' id='word_1_208' title='bbox 2131 1960 2331 2005; x_wconf 91' lang='lat' dir='ltr'><strong>tamen</strong></span> <span class='ocrx_word' id='word_1_209' title='bbox 2361 1953 2733 2019; x_wconf 89' lang='lat' dir='ltr'><strong>quadragesi-</strong></span> 
     </span>
     <span class='ocr_line' id='line_1_24' title="bbox 531 2024 2733 2089; baseline 0 -13"><span class='ocrx_word' id='word_1_210' title='bbox 531 2041 698 2077; x_wconf 93' lang='lat' dir='ltr'><strong>mum</strong></span> <span class='ocrx_word' id='word_1_211' title='bbox 723 2041 954 2076; x_wconf 93' lang='lat' dir='ltr'><strong>nonum</strong></span> <span class='ocrx_word' id='word_1_212' title='bbox 979 2041 1103 2076; x_wconf 91' lang='lat' dir='ltr'><strong>non</strong></span> <span class='ocrx_word' id='word_1_213' title='bbox 1129 2031 1498 2089; x_wconf 88' lang='lat' dir='ltr'><strong>assequatur:</strong></span> <span class='ocrx_word' id='word_1_214' title='bbox 1526 2027 1725 2089; x_wconf 94' lang='lat' dir='ltr'><strong>sicque</strong></span> <span class='ocrx_word' id='word_1_215' title='bbox 1745 2026 1778 2076; x_wconf 93' lang='lat'><strong>7</strong></span> <span class='ocrx_word' id='word_1_216' title='bbox 1798 2040 1949 2089; x_wconf 90' lang='lat' dir='ltr'><strong>pene</strong></span> <span class='ocrx_word' id='word_1_217' title='bbox 1975 2027 2218 2076; x_wconf 91' lang='lat' dir='ltr'><strong>minutis</strong></span> <span class='ocrx_word' id='word_1_218' title='bbox 2244 2024 2438 2076; x_wconf 94' lang='lat' dir='ltr'><strong>debito</strong></span> <span class='ocrx_word' id='word_1_219' title='bbox 2458 2024 2592 2088; x_wconf 93' lang='lat' dir='ltr'><strong>plus</strong></span> <span class='ocrx_word' id='word_1_220' title='bbox 2611 2040 2733 2077; x_wconf 88' lang='lat' dir='ltr'><strong>am-</strong></span> 
     </span>
     <span class='ocr_line' id='line_1_25' title="bbox 530 2090 2735 2163; baseline 0 -16"><span class='ocrx_word' id='word_1_221' title='bbox 530 2096 767 2160; x_wconf 88' lang='lat' dir='ltr'><strong>pliatur:</strong></span> <span class='ocrx_word' id='word_1_222' title='bbox 796 2096 955 2160; x_wconf 94' lang='lat' dir='ltr'><strong>quod</strong></span> <span class='ocrx_word' id='word_1_223' title='bbox 975 2112 1079 2160; x_wconf 93' lang='lat' dir='ltr'><strong>per</strong></span> <span class='ocrx_word' id='word_1_224' title='bbox 1097 2095 1481 2160; x_wconf 90' lang='lat' dir='ltr'><strong>multiplicem</strong></span> <span class='ocrx_word' id='word_1_225' title='bbox 1501 2090 2019 2163; x_wconf 76' lang='lat' dir='ltr'><strong>aggregatio-ssnem</strong></span> <span class='ocrx_word' id='word_1_226' title='bbox 2037 2094 2499 2159; x_wconf 72' lang='lat' dir='ltr'><strong>AEquinotstialia</strong></span> <span class='ocrx_word' id='word_1_227' title='bbox 2516 2094 2735 2160; x_wconf 66' lang='lat' dir='ltr'><strong>puncta</strong></span> 
     </span>
     <span class='ocr_line' id='line_1_26' title="bbox 529 2166 2730 2231; baseline 0 -12"><span class='ocrx_word' id='word_1_228' title='bbox 529 2167 852 2231; x_wconf 92' lang='lat' dir='ltr'><strong>plurimum</strong></span> <span class='ocrx_word' id='word_1_229' title='bbox 872 2183 909 2219; x_wconf 92' lang='lat' dir='ltr'><strong>a</strong></span> <span class='ocrx_word' id='word_1_230' title='bbox 929 2167 1151 2219; x_wconf 92' lang='lat' dir='ltr'><strong>coelesti</strong></span> <span class='ocrx_word' id='word_1_231' title='bbox 1170 2170 1399 2219; x_wconf 91' lang='lat' dir='ltr'><strong>tramite</strong></span> <span class='ocrx_word' id='word_1_232' title='bbox 1420 2167 1703 2218; x_wconf 85' lang='lat' dir='ltr'><strong>dimouet:</strong></span> <span class='ocrx_word' id='word_1_233' title='bbox 1730 2169 1812 2218; x_wconf 89' lang='lat' dir='ltr'><strong>ita</strong></span> <span class='ocrx_word' id='word_1_234' title='bbox 1831 2173 1895 2218; x_wconf 91' lang='lat' dir='ltr'><strong>ut</strong></span> <span class='ocrx_word' id='word_1_235' title='bbox 1916 2169 2068 2218; x_wconf 91' lang='lat' dir='ltr'><strong>circa</strong></span> <span class='ocrx_word' id='word_1_236' title='bbox 2087 2167 2336 2218; x_wconf 91' lang='lat' dir='ltr'><strong>Annum</strong></span> <span class='ocrx_word' id='word_1_237' title='bbox 2355 2166 2498 2225; x_wconf 84' lang='lat'><strong>1700,</strong></span> <span class='ocrx_word' id='word_1_238' title='bbox 2525 2166 2730 2231; x_wconf 93' lang='lat' dir='ltr'><strong>AEqui-</strong></span> 
     </span>
     <span class='ocr_line' id='line_1_27' title="bbox 530 2237 2732 2303; baseline 0 -14"><span class='ocrx_word' id='word_1_239' title='bbox 530 2237 791 2291; x_wconf 68' lang='lat' dir='ltr'><strong>noctium</strong></span> <span class='ocrx_word' id='word_1_240' title='bbox 828 2254 1083 2290; x_wconf 93' lang='lat' dir='ltr'><strong>uernum</strong></span> <span class='ocrx_word' id='word_1_241' title='bbox 1119 2241 1284 2290; x_wconf 90' lang='lat' dir='ltr'><strong>iuxta</strong></span> <span class='ocrx_word' id='word_1_242' title='bbox 1315 2238 1630 2303; x_wconf 91' lang='lat' dir='ltr'><strong>Copernici</strong></span> <span class='ocrx_word' id='word_1_243' title='bbox 1663 2237 1978 2290; x_wconf 90' lang='lat' dir='ltr'><strong>Calculum</strong></span> <span class='ocrx_word' id='word_1_244' title='bbox 2010 2243 2065 2289; x_wconf 92' lang='lat' dir='ltr'><strong>et</strong></span> <span class='ocrx_word' id='word_1_245' title='bbox 2095 2237 2355 2289; x_wconf 87' lang='lat' dir='ltr'><strong>Tabulas</strong></span> <span class='ocrx_word' id='word_1_246' title='bbox 2393 2238 2732 2290; x_wconf 91' lang='lat' dir='ltr'><strong>Prutenicas</strong></span> 
     </span>
     <span class='ocr_line' id='line_1_28' title="bbox 531 2308 2729 2374; baseline 0 -13"><span class='ocrx_word' id='word_1_247' title='bbox 531 2309 681 2361; x_wconf 92' lang='lat' dir='ltr'><strong>Solis</strong></span> <span class='ocrx_word' id='word_1_248' title='bbox 707 2312 1051 2374; x_wconf 92' lang='lat' dir='ltr'><strong>ingressum,</strong></span> <span class='ocrx_word' id='word_1_249' title='bbox 1083 2312 1185 2374; x_wconf 94' lang='lat' dir='ltr'><strong>qui</strong></span> <span class='ocrx_word' id='word_1_250' title='bbox 1211 2309 1440 2361; x_wconf 92' lang='lat' dir='ltr'><strong>coelitus</strong></span> <span class='ocrx_word' id='word_1_251' title='bbox 1466 2312 1755 2374; x_wconf 89' lang='lat' dir='ltr'><strong>prouenit,</strong></span> <span class='ocrx_word' id='word_1_252' title='bbox 1785 2311 2010 2374; x_wconf 90' lang='lat' dir='ltr'><strong>integro</strong></span> <span class='ocrx_word' id='word_1_253' title='bbox 2036 2308 2146 2369; x_wconf 87' lang='lat' dir='ltr'><strong>die,</strong></span> <span class='ocrx_word' id='word_1_254' title='bbox 2178 2308 2230 2360; x_wconf 85' lang='lat'>&amp;</span> <span class='ocrx_word' id='word_1_255' title='bbox 2258 2324 2410 2373; x_wconf 90' lang='lat' dir='ltr'><strong>pene</strong></span> <span class='ocrx_word' id='word_1_256' title='bbox 2435 2309 2618 2361; x_wconf 94' lang='lat' dir='ltr'><strong>tribus</strong></span> <span class='ocrx_word' id='word_1_257' title='bbox 2643 2312 2729 2361; x_wconf 94' lang='lat' dir='ltr'><strong>in-</strong></span> 
     </span>
     <span class='ocr_line' id='line_1_29' title="bbox 528 2380 2730 2444; baseline -0 -12"><span class='ocrx_word' id='word_1_258' title='bbox 528 2380 698 2444; x_wconf 84' lang='lat' dir='ltr'><strong>super</strong></span> <span class='ocrx_word' id='word_1_259' title='bbox 722 2380 884 2432; x_wconf 93' lang='lat' dir='ltr'><strong>horis</strong></span> <span class='ocrx_word' id='word_1_260' title='bbox 910 2383 1242 2432; x_wconf 90' lang='lat' dir='ltr'><strong>necessario</strong></span> <span class='ocrx_word' id='word_1_261' title='bbox 1270 2396 1614 2432; x_wconf 88' lang='lat' dir='ltr'><strong>excessurus</strong></span> <span class='ocrx_word' id='word_1_262' title='bbox 1639 2380 1718 2441; x_wconf 88' lang='lat' dir='ltr'><strong>fit,</strong></span> <span class='ocrx_word' id='word_1_263' title='bbox 1746 2387 1809 2431; x_wconf 94' lang='lat' dir='ltr'><strong>ut</strong></span> <span class='ocrx_word' id='word_1_264' title='bbox 1831 2386 1969 2432; x_wconf 93' lang='lat' dir='ltr'><strong>tunc</strong></span> <span class='ocrx_word' id='word_1_265' title='bbox 1990 2382 2324 2431; x_wconf 91' lang='lat' dir='ltr'><strong>uiuentium</strong></span> <span class='ocrx_word' id='word_1_266' title='bbox 2343 2381 2730 2432; x_wconf 89' lang='lat' dir='ltr'><strong>Astronomo-</strong></span> 
     </span>
     <span class='ocr_line' id='line_1_30' title="bbox 529 2451 2730 2516; baseline 0 -14"><span class='ocrx_word' id='word_1_267' title='bbox 529 2468 662 2503; x_wconf 93' lang='lat' dir='ltr'><strong>rum</strong></span> <span class='ocrx_word' id='word_1_268' title='bbox 689 2458 963 2504; x_wconf 87' lang='lat' dir='ltr'><strong>accurata</strong></span> <span class='ocrx_word' id='word_1_269' title='bbox 987 2451 1290 2503; x_wconf 88' lang='lat' dir='ltr'><strong>testabitur</strong></span> <span class='ocrx_word' id='word_1_270' title='bbox 1317 2451 1661 2504; x_wconf 77' lang='lat' dir='ltr'><strong>obseruatio,</strong></span> <span class='ocrx_word' id='word_1_271' title='bbox 1690 2451 1865 2503; x_wconf 91' lang='lat' dir='ltr'><strong>Circa</strong></span> <span class='ocrx_word' id='word_1_272' title='bbox 1889 2451 2019 2503; x_wconf 87' lang='lat' dir='ltr'><strong>haec</strong></span> <span class='ocrx_word' id='word_1_273' title='bbox 2045 2453 2190 2502; x_wconf 82' lang='lat' dir='ltr'><strong>uero</strong></span> <span class='ocrx_word' id='word_1_274' title='bbox 2216 2458 2484 2516; x_wconf 91' lang='lat' dir='ltr'><strong>tempora</strong></span> <span class='ocrx_word' id='word_1_275' title='bbox 2507 2451 2730 2503; x_wconf 84' lang='lat' dir='ltr'><strong>estsere</strong></span> 
     </span>
     <span class='ocr_line' id='line_1_31' title="bbox 529 2522 2728 2587; baseline 0.001 -14"><span class='ocrx_word' id='word_1_276' title='bbox 529 2523 617 2576; x_wconf 48' lang='lat'><strong>14}</strong></span> <span class='ocrx_word' id='word_1_277' title='bbox 635 2522 920 2575; x_wconf 92' lang='lat' dir='ltr'><strong>horarum</strong></span> <span class='ocrx_word' id='word_1_278' title='bbox 941 2522 1285 2584; x_wconf 85' lang='lat' dir='ltr'><strong>differentia,</strong></span> <span class='ocrx_word' id='word_1_279' title='bbox 1307 2523 1520 2587; x_wconf 94' lang='lat' dir='ltr'><strong>quibus</strong></span> <span class='ocrx_word' id='word_1_280' title='bbox 1542 2525 1667 2574; x_wconf 90' lang='lat' dir='ltr'><strong>eius</strong></span> <span class='ocrx_word' id='word_1_281' title='bbox 1687 2525 1922 2573; x_wconf 93' lang='lat' dir='ltr'><strong>numeri</strong></span> <span class='ocrx_word' id='word_1_282' title='bbox 1942 2522 2261 2574; x_wconf 92' lang='lat' dir='ltr'><strong>abundant.</strong></span> <span class='ocrx_word' id='word_1_283' title='bbox 2289 2522 2358 2573; x_wconf 96' lang='lat' dir='ltr'><strong>In</strong></span> <span class='ocrx_word' id='word_1_284' title='bbox 2377 2538 2606 2574; x_wconf 93' lang='lat' dir='ltr'><strong>uanum</strong></span> <span class='ocrx_word' id='word_1_285' title='bbox 2624 2525 2728 2575; x_wconf 88' lang='lat' dir='ltr'><strong>ita-</strong></span> 
     </span>
     <span class='ocr_line' id='line_1_32' title="bbox 530 2593 2728 2659; baseline -0 -14"><span class='ocrx_word' id='word_1_286' title='bbox 530 2610 644 2658; x_wconf 92' lang='lat' dir='ltr'><strong>que</strong></span> <span class='ocrx_word' id='word_1_287' title='bbox 671 2594 957 2655; x_wconf 89' lang='lat' dir='ltr'><strong>laborant,</strong></span> <span class='ocrx_word' id='word_1_288' title='bbox 986 2597 1087 2659; x_wconf 91' lang='lat' dir='ltr'><strong>qui</strong></span> <span class='ocrx_word' id='word_1_289' title='bbox 1109 2610 1181 2646; x_wconf 93' lang='lat' dir='ltr'><strong>ex</strong></span> <span class='ocrx_word' id='word_1_290' title='bbox 1202 2594 1602 2658; x_wconf 90' lang='lat' dir='ltr'><strong>Copernicaeis</strong></span> <span class='ocrx_word' id='word_1_291' title='bbox 1622 2593 1721 2645; x_wconf 92' lang='lat' dir='ltr'><strong>uel</strong></span> <span class='ocrx_word' id='word_1_292' title='bbox 1740 2593 2062 2645; x_wconf 89' lang='lat' dir='ltr'><strong>Prutenicis</strong></span> <span class='ocrx_word' id='word_1_293' title='bbox 2083 2594 2364 2645; x_wconf 91' lang='lat' dir='ltr'><strong>Numeris</strong></span> <span class='ocrx_word' id='word_1_294' title='bbox 2383 2594 2548 2645; x_wconf 93' lang='lat' dir='ltr'><strong>Anni</strong></span> <span class='ocrx_word' id='word_1_295' title='bbox 2570 2596 2728 2645; x_wconf 91' lang='lat' dir='ltr'><strong>resti-</strong></span> 
     </span>
     <span class='ocr_line' id='line_1_33' title="bbox 528 2664 2730 2729; baseline 0 -13"><span class='ocrx_word' id='word_1_296' title='bbox 528 2668 817 2716; x_wconf 89' lang='lat' dir='ltr'><strong>tutionem</strong></span> <span class='ocrx_word' id='word_1_297' title='bbox 838 2681 1042 2717; x_wconf 90' lang='lat' dir='ltr'><strong>eruere</strong></span> <span class='ocrx_word' id='word_1_298' title='bbox 1062 2665 1349 2725; x_wconf 91' lang='lat' dir='ltr'><strong>laborant,</strong></span> <span class='ocrx_word' id='word_1_299' title='bbox 1369 2665 1692 2729; x_wconf 85' lang='lat' dir='ltr'><strong>frustraque</strong></span> <span class='ocrx_word' id='word_1_300' title='bbox 1713 2665 2090 2717; x_wconf 91' lang='lat' dir='ltr'><strong>Neotericam</strong></span> <span class='ocrx_word' id='word_1_301' title='bbox 2110 2664 2276 2716; x_wconf 92' lang='lat' dir='ltr'><strong>illam</strong></span> <span class='ocrx_word' id='word_1_302' title='bbox 2297 2664 2730 2729; x_wconf 88' lang='lat' dir='ltr'><strong>Gregorianam</strong></span> 
     </span>
     <span class='ocr_line' id='line_1_34' title="bbox 528 2735 2727 2801; baseline 0 -15"><span class='ocrx_word' id='word_1_303' title='bbox 528 2736 1008 2796; x_wconf 84' lang='lat' dir='ltr'><strong>reformationem</strong></span> <span class='ocrx_word' id='word_1_304' title='bbox 1027 2736 1163 2788; x_wconf 93' lang='lat' dir='ltr'><strong>inde</strong></span> <span class='ocrx_word' id='word_1_305' title='bbox 1185 2742 1543 2801; x_wconf 90' lang='lat' dir='ltr'><strong>oppugnant,</strong></span> <span class='ocrx_word' id='word_1_306' title='bbox 1572 2752 1707 2788; x_wconf 93' lang='lat' dir='ltr'><strong>cum</strong></span> <span class='ocrx_word' id='word_1_307' title='bbox 1726 2735 1856 2787; x_wconf 88' lang='lat' dir='ltr'><strong>haec</strong></span> <span class='ocrx_word' id='word_1_308' title='bbox 1875 2735 2048 2801; x_wconf 90' lang='lat' dir='ltr'><strong>longe</strong></span> <span class='ocrx_word' id='word_1_309' title='bbox 2068 2737 2310 2800; x_wconf 69' lang='lat' dir='ltr'><strong>propias</strong></span> <span class='ocrx_word' id='word_1_310' title='bbox 2331 2735 2575 2787; x_wconf 91' lang='lat' dir='ltr'><strong>Coelesti</strong></span> <span class='ocrx_word' id='word_1_311' title='bbox 2594 2751 2727 2787; x_wconf 95' lang='lat' dir='ltr'><strong>nor-</strong></span> 
     </span>
     <span class='ocr_line' id='line_1_35' title="bbox 523 2806 2726 2871; baseline 0 -13"><span class='ocrx_word' id='word_1_312' title='bbox 523 2823 638 2858; x_wconf 85' lang='lat' dir='ltr'><strong>mae</strong></span> <span class='ocrx_word' id='word_1_313' title='bbox 671 2808 930 2859; x_wconf 88' lang='lat' dir='ltr'><strong>accedat:</strong></span> <span class='ocrx_word' id='word_1_314' title='bbox 963 2823 1072 2859; x_wconf 93' lang='lat' dir='ltr'><strong>nec</strong></span> <span class='ocrx_word' id='word_1_315' title='bbox 1100 2807 1330 2860; x_wconf 82' lang='lat' dir='ltr'><strong>summa</strong></span> <span class='ocrx_word' id='word_1_316' title='bbox 1358 2810 1420 2859; x_wconf 94' lang='lat' dir='ltr'><strong>in</strong></span> <span class='ocrx_word' id='word_1_317' title='bbox 1448 2807 1541 2858; x_wconf 91' lang='lat' dir='ltr'><strong>his</strong></span> <span class='ocrx_word' id='word_1_318' title='bbox 1570 2809 1857 2871; x_wconf 87' lang='lat' dir='ltr'><strong>praecisi0,</strong></span> <span class='ocrx_word' id='word_1_319' title='bbox 1889 2807 2207 2871; x_wconf 74' lang='lat' dir='ltr'><strong>prael‘ertim</strong></span> <span class='ocrx_word' id='word_1_320' title='bbox 2235 2806 2569 2858; x_wconf 93' lang='lat' dir='ltr'><strong>inconsulto</strong></span> <span class='ocrx_word' id='word_1_321' title='bbox 2596 2809 2726 2871; x_wconf 93' lang='lat' dir='ltr'><strong>ipso</strong></span> 
     </span>
     <span class='ocr_line' id='line_1_36' title="bbox 525 2877 2726 2940; baseline 0 -11"><span class='ocrx_word' id='word_1_322' title='bbox 525 2878 714 2939; x_wconf 91' lang='lat' dir='ltr'><strong>Coe10,</strong></span> <span class='ocrx_word' id='word_1_323' title='bbox 739 2878 909 2930; x_wconf 89' lang='lat' dir='ltr'><strong>facile</strong></span> <span class='ocrx_word' id='word_1_324' title='bbox 931 2879 1117 2940; x_wconf 92' lang='lat' dir='ltr'><strong>datur,</strong></span> <span class='ocrx_word' id='word_1_325' title='bbox 1145 2885 1247 2931; x_wconf 91' lang='lat' dir='ltr'><strong>aut</strong></span> <span class='ocrx_word' id='word_1_326' title='bbox 1268 2882 1446 2930; x_wconf 89' lang='lat' dir='ltr'><strong>etiam</strong></span> <span class='ocrx_word' id='word_1_327' title='bbox 1465 2878 1790 2930; x_wconf 91' lang='lat' dir='ltr'><strong>admodum</strong></span> <span class='ocrx_word' id='word_1_328' title='bbox 1809 2880 2142 2930; x_wconf 90' lang='lat' dir='ltr'><strong>necessaria</strong></span> <span class='ocrx_word' id='word_1_329' title='bbox 2163 2884 2262 2929; x_wconf 92' lang='lat' dir='ltr'><strong>est.</strong></span> <span class='ocrx_word' id='word_1_330' title='bbox 2291 2877 2405 2930; x_wconf 89' lang='lat' dir='ltr'><strong>Sed</strong></span> <span class='ocrx_word' id='word_1_331' title='bbox 2430 2877 2560 2929; x_wconf 88' lang='lat' dir='ltr'><strong>haec</strong></span> <span class='ocrx_word' id='word_1_332' title='bbox 2578 2877 2726 2930; x_wconf 86' lang='lat' dir='ltr'><strong>forte</strong></span> 
     </span>
     <span class='ocr_line' id='line_1_37' title="bbox 523 2949 2726 3014; baseline 0 -14"><span class='ocrx_word' id='word_1_333' title='bbox 523 2965 682 3000; x_wconf 91' lang='lat' dir='ltr'><strong>nunc</strong></span> <span class='ocrx_word' id='word_1_334' title='bbox 709 2952 850 3001; x_wconf 92' lang='lat' dir='ltr'><strong>citra</strong></span> <span class='ocrx_word' id='word_1_335' title='bbox 879 2966 1020 3011; x_wconf 90' lang='lat' dir='ltr'><strong>rem,</strong></span> <span class='ocrx_word' id='word_1_336' title='bbox 1050 2953 1165 3001; x_wconf 92' lang='lat' dir='ltr'><strong>nisi</strong></span> <span class='ocrx_word' id='word_1_337' title='bbox 1192 2956 1484 3014; x_wconf 90' lang='lat' dir='ltr'><strong>quatenus</strong></span> <span class='ocrx_word' id='word_1_338' title='bbox 1510 2952 1675 3001; x_wconf 89' lang='lat' dir='ltr'><strong>iuxta</strong></span> <span class='ocrx_word' id='word_1_339' title='bbox 1702 2949 2102 3014; x_wconf 84' lang='lat' dir='ltr'><strong>Copernicum</strong></span> <span class='ocrx_word' id='word_1_340' title='bbox 2128 2949 2408 3000; x_wconf 90' lang='lat' dir='ltr'><strong>Fixarum</strong></span> <span class='ocrx_word' id='word_1_341' title='bbox 2432 2951 2726 3000; x_wconf 92' lang='lat' dir='ltr'><strong>motiones</strong></span> 
     </span>
     <span class='ocr_line' id='line_1_38' title="bbox 525 3018 2725 3085; baseline -0 -14"><span class='ocrx_word' id='word_1_342' title='bbox 525 3019 675 3071; x_wconf 92' lang='lat' dir='ltr'><strong>Solis</strong></span> <span class='ocrx_word' id='word_1_343' title='bbox 707 3021 1177 3073; x_wconf 91' lang='lat' dir='ltr'><strong>reuolutionibus</strong></span> <span class='ocrx_word' id='word_1_344' title='bbox 1210 3021 1653 3085; x_wconf 93' lang='lat' dir='ltr'><strong>quodammodo</strong></span> <span class='ocrx_word' id='word_1_345' title='bbox 1686 3027 1822 3072; x_wconf 92' lang='lat' dir='ltr'><strong>sunt</strong></span> <span class='ocrx_word' id='word_1_346' title='bbox 1853 3020 2139 3085; x_wconf 88' lang='lat' dir='ltr'><strong>analogae.</strong></span> <span class='ocrx_word' id='word_1_347' title='bbox 2173 3019 2334 3071; x_wconf 89' lang='lat' dir='ltr'><strong>Alibi</strong></span> <span class='ocrx_word' id='word_1_348' title='bbox 2364 3018 2610 3081; x_wconf 91' lang='lat' dir='ltr'><strong>dabitur,</strong></span> <span class='ocrx_word' id='word_1_349' title='bbox 2642 3019 2725 3071; x_wconf 87' lang='lat' dir='ltr'><strong>fa-</strong></span> 
     </span>
     <span class='ocr_line' id='line_1_39' title="bbox 524 3090 2726 3153; baseline 0 -12"><span class='ocrx_word' id='word_1_350' title='bbox 524 3098 699 3142; x_wconf 91' lang='lat' dir='ltr'><strong>uente</strong></span> <span class='ocrx_word' id='word_1_351' title='bbox 715 3092 996 3153; x_wconf 88' lang='lat' dir='ltr'><strong>Numine,</strong></span> <span class='ocrx_word' id='word_1_352' title='bbox 1019 3093 1385 3144; x_wconf 93' lang='lat' dir='ltr'><strong>commodior</strong></span> <span class='ocrx_word' id='word_1_353' title='bbox 1400 3091 1622 3143; x_wconf 79' lang='lat' dir='ltr'><strong>occasio</strong></span> <span class='ocrx_word' id='word_1_354' title='bbox 1642 3090 1755 3143; x_wconf 92' lang='lat' dir='ltr'><strong>hac</strong></span> <span class='ocrx_word' id='word_1_355' title='bbox 1770 3091 1841 3143; x_wconf 93' lang='lat' dir='ltr'><strong>de</strong></span> <span class='ocrx_word' id='word_1_356' title='bbox 1855 3106 1918 3142; x_wconf 93' lang='lat' dir='ltr'><strong>re</strong></span> <span class='ocrx_word' id='word_1_357' title='bbox 1934 3090 2272 3152; x_wconf 91' lang='lat' dir='ltr'><strong>disserendi,</strong></span> <span class='ocrx_word' id='word_1_358' title='bbox 2294 3097 2349 3142; x_wconf 89' lang='lat' dir='ltr'><strong>et</strong></span> <span class='ocrx_word' id='word_1_359' title='bbox 2362 3091 2526 3142; x_wconf 86' lang='lat' dir='ltr'><strong>Anni</strong></span> <span class='ocrx_word' id='word_1_360' title='bbox 2538 3097 2726 3142; x_wconf 91' lang='lat' dir='ltr'><strong>metas</strong></span> 
     </span>
     <span class='ocr_line' id='line_1_40' title="bbox 525 3159 2725 3228; baseline 0 -16"><span class='ocrx_word' id='word_1_361' title='bbox 525 3165 853 3213; x_wconf 89' lang='lat' dir='ltr'><strong>accuratius</strong></span> <span class='ocrx_word' id='word_1_362' title='bbox 875 3164 1271 3224; x_wconf 89' lang='lat' dir='ltr'><strong>examinandi,</strong></span> <span class='ocrx_word' id='word_1_363' title='bbox 1298 3163 1849 3228; x_wconf 90' lang='lat' dir='ltr'><strong>Gregorianamque</strong></span> <span class='ocrx_word' id='word_1_364' title='bbox 1869 3164 2103 3214; x_wconf 89' lang='lat' dir='ltr'><strong>nouiter</strong></span> <span class='ocrx_word' id='word_1_365' title='bbox 2122 3159 2515 3213; x_wconf 71' lang='lat' dir='ltr'><strong>introductam</strong></span> <span class='ocrx_word' id='word_1_366' title='bbox 2536 3167 2592 3213; x_wconf 92' lang='lat' dir='ltr'><strong>et</strong></span> <span class='ocrx_word' id='word_1_367' title='bbox 2609 3161 2725 3213; x_wconf 90' lang='lat' dir='ltr'><strong>late</strong></span> 
     </span>
     <span class='ocr_line' id='line_1_41' title="bbox 525 3230 2724 3298; baseline 0 -16"><span class='ocrx_word' id='word_1_368' title='bbox 525 3233 839 3284; x_wconf 88' lang='lat' dir='ltr'><strong>stabilitam</strong></span> <span class='ocrx_word' id='word_1_369' title='bbox 858 3237 1150 3285; x_wconf 92' lang='lat' dir='ltr'><strong>rationem</strong></span> <span class='ocrx_word' id='word_1_370' title='bbox 1172 3234 1330 3298; x_wconf 91' lang='lat' dir='ltr'><strong>(cum</strong></span> <span class='ocrx_word' id='word_1_371' title='bbox 1350 3250 1474 3285; x_wconf 93' lang='lat' dir='ltr'><strong>non</strong></span> <span class='ocrx_word' id='word_1_372' title='bbox 1494 3234 1653 3285; x_wconf 33' lang='lat' dir='ltr'><strong>adeo,</strong></span> <span class='ocrx_word' id='word_1_373' title='bbox 1664 3235 1750 3285; x_wconf 93' lang='lat' dir='ltr'><strong>uti</strong></span> <span class='ocrx_word' id='word_1_374' title='bbox 1764 3249 1801 3285; x_wconf 90' lang='lat' dir='ltr'><strong>a</strong></span> <span class='ocrx_word' id='word_1_375' title='bbox 1815 3233 2184 3297; x_wconf 92' lang='lat' dir='ltr'><strong>quibusdam,</strong></span> <span class='ocrx_word' id='word_1_376' title='bbox 2207 3235 2309 3296; x_wconf 92' lang='lat' dir='ltr'><strong>qui</strong></span> <span class='ocrx_word' id='word_1_377' title='bbox 2322 3230 2624 3284; x_wconf 67' lang='lat' dir='ltr'><strong>affectibus</strong></span> <span class='ocrx_word' id='word_1_378' title='bbox 2637 3235 2724 3284; x_wconf 90' lang='lat' dir='ltr'><strong>ni—</strong></span> 
     </span>
     <span class='ocr_line' id='line_1_42' title="bbox 525 3303 2724 3369; baseline 0 -16"><span class='ocrx_word' id='word_1_379' title='bbox 525 3305 713 3353; x_wconf 94' lang='lat' dir='ltr'><strong>mium</strong></span> <span class='ocrx_word' id='word_1_380' title='bbox 733 3304 1034 3369; x_wconf 91' lang='lat' dir='ltr'><strong>indulgere</strong></span> <span class='ocrx_word' id='word_1_381' title='bbox 1055 3305 1346 3366; x_wconf 89' lang='lat' dir='ltr'><strong>uidentur,</strong></span> <span class='ocrx_word' id='word_1_382' title='bbox 1370 3304 1761 3364; x_wconf 92' lang='lat' dir='ltr'><strong>insimulatur,</strong></span> <span class='ocrx_word' id='word_1_383' title='bbox 1784 3305 1960 3356; x_wconf 90' lang='lat' dir='ltr'><strong>deuia</strong></span> <span class='ocrx_word' id='word_1_384' title='bbox 1979 3303 2072 3367; x_wconf 92' lang='lat' dir='ltr'><strong>sit)</strong></span> <span class='ocrx_word' id='word_1_385' title='bbox 2095 3303 2501 3364; x_wconf 90' lang='lat' dir='ltr'><strong>confirmandi,</strong></span> <span class='ocrx_word' id='word_1_386' title='bbox 2523 3318 2724 3368; x_wconf 88' lang='lat' dir='ltr'><strong>quem-</strong></span> 
     </span>
    </p>
   </div>
   <div class='ocr_carea' id='block_1_3' title="bbox 525 3373 2725 3496">
    <p class='ocr_par' dir='ltr' id='par_1_3' title="bbox 525 3373 2725 3496">
     <span class='ocr_line' id='line_1_43' title="bbox 525 3373 2725 3496; baseline 0 -72"><span class='ocrx_word' id='word_1_387' title='bbox 525 3373 847 3425; x_wconf 92' lang='lat' dir='ltr'><strong>admodum</strong></span> <span class='ocrx_word' id='word_1_388' title='bbox 880 3381 934 3426; x_wconf 92' lang='lat' dir='ltr'><strong>et</strong></span> <span class='ocrx_word' id='word_1_389' title='bbox 963 3375 1078 3427; x_wconf 95' lang='lat' dir='ltr'><strong>hoc</strong></span> <span class='ocrx_word' id='word_1_390' title='bbox 1111 3392 1183 3427; x_wconf 89' lang='lat' dir='ltr'><strong>ex</strong></span> <span class='ocrx_word' id='word_1_391' title='bbox 1210 3380 1402 3439; x_wconf 93' lang='lat' dir='ltr'><strong>primo</strong></span> <span class='ocrx_word' id='word_1_392' title='bbox 1430 3376 1638 3440; x_wconf 90' lang='lat' dir='ltr'><strong>Capite</strong></span> <span class='ocrx_word' id='word_1_393' title='bbox 1667 3382 2006 3427; x_wconf 91' lang='lat' dir='ltr'><strong>nostrorum</strong></span> <span class='ocrx_word' id='word_1_394' title='bbox 2030 3375 2636 3440; x_wconf 88' lang='lat' dir='ltr'><strong>Progymnasmatum‚</strong></span> <span class='ocrx_word' id='word_1_395' title='bbox 2660 3380 2725 3496; x_wconf 83' lang='lat' dir='ltr'><strong>tet</strong></span> 
     </span>
     <span class='ocr_line' id='line_1_44' title="bbox 2556 3459 2724 3496; baseline 0.006 -1"><span class='ocrx_word' id='word_1_396' title='bbox 2556 3459 2658 3496; x_wconf 96' lang='lat' dir='ltr'><strong>mo</strong></span> <span class='ocrx_word' id='word_1_397' title='bbox 2683 3460 2724 3496; x_wconf 93' lang='lat' dir='ltr'><strong>u</strong></span> 
     </span>
    </p>
   </div>
   <div class='ocr_carea' id='block_1_4' title="bbox 2789 1119 2832 1153">
    <p class='ocr_par' dir='ltr' id='par_1_4' title="bbox 2789 1119 2832 1153">
     <span class='ocr_line' id='line_1_45' title="bbox 2789 1119 2832 1153; baseline 0 0"><span class='ocrx_word' id='word_1_398' title='bbox 2789 1119 2832 1153; x_wconf 88' lang='grc'><strong>10</strong></span> 
     </span>
    </p>
   </div>
   <div class='ocr_carea' id='block_1_5' title="bbox 2789 1473 2831 1508">
    <p class='ocr_par' dir='ltr' id='par_1_5' title="bbox 2789 1473 2831 1508">
     <span class='ocr_line' id='line_1_46' title="bbox 2789 1473 2831 1508; baseline 0 0"><span class='ocrx_word' id='word_1_399' title='bbox 2789 1473 2831 1508; x_wconf 85' lang='grc'><strong>15</strong></span> 
     </span>
    </p>
   </div>
   <div class='ocr_carea' id='block_1_6' title="bbox 2783 1828 2831 1862">
    <p class='ocr_par' dir='ltr' id='par_1_6' title="bbox 2783 1828 2831 1862">
     <span class='ocr_line' id='line_1_47' title="bbox 2783 1828 2831 1862; baseline 0 0"><span class='ocrx_word' id='word_1_400' title='bbox 2783 1828 2831 1862; x_wconf 88' lang='grc'><strong>20</strong></span> 
     </span>
    </p>
   </div>
   <div class='ocr_carea' id='block_1_7' title="bbox 2777 2104 2829 2218">
    <p class='ocr_par' dir='ltr' id='par_1_7' title="bbox 2777 2104 2829 2218">
     <span class='ocr_line' id='line_1_48' title="bbox 2777 2104 2829 2148; baseline 0 -16"><span class='ocrx_word' id='word_1_401' title='bbox 2777 2104 2829 2148; x_wconf 75' lang='grc'><strong>61·</strong></span> 
     </span>
     <span class='ocr_line' id='line_1_49' title="bbox 2780 2183 2827 2218; baseline 0 0"><span class='ocrx_word' id='word_1_402' title='bbox 2780 2183 2827 2218; x_wconf 89' lang='grc'><strong>25</strong></span> 
     </span>
    </p>
   </div>
   <div class='ocr_carea' id='block_1_8' title="bbox 2775 2894 2823 2929">
    <p class='ocr_par' dir='ltr' id='par_1_8' title="bbox 2775 2894 2823 2929">
     <span class='ocr_line' id='line_1_50' title="bbox 2775 2894 2823 2929; baseline 0 0"><span class='ocrx_word' id='word_1_403' title='bbox 2775 2894 2823 2929; x_wconf 88' lang='grc'><strong>35</strong></span> 
     </span>
    </p>
   </div>
   <div class='ocr_carea' id='block_1_9' title="bbox 2773 3248 2821 3283">
    <p class='ocr_par' dir='ltr' id='par_1_9' title="bbox 2773 3248 2821 3283">
     <span class='ocr_line' id='line_1_51' title="bbox 2773 3248 2821 3283; baseline 0 0"><span class='ocrx_word' id='word_1_404' title='bbox 2773 3248 2821 3283; x_wconf 84' lang='lat'><strong>40</strong></span> 
     </span>
    </p>
   </div>
  </div>
 </body>
</html>
