2976 4264
119 993 160 1028 10

582 309 1464 363 PROGYMNASMATUM
1489 309 1804 363 TERTIA
1830 311 2033 364 PARS
2321 312 2412 365 137

208 451 306 495 esse
333 453 543 494 tantum
576 449 644 493 19.
674 450 841 504 scrup.
875 450 1014 493 Nam
1042 450 1340 505 uespertino
1369 453 1628 505 tempore,
1660 462 1785 494 cum
1813 451 2034 495 Cometa
2063 452 2132 495 ad
2157 452 2414 496 uerticem

208 522 371 565 quam
391 509 634 564 proxime
656 510 878 561 accessit‚
906 509 1184 553 uerisimile
1203 510 1277 554 est
1295 509 1445 553 illum
1463 510 1720 554 Parallaxi
1741 522 1942 563 carere,
1971 523 2034 555 30
2055 513 2414 566 Apparentem

208 571 389 613 locum
419 572 546 612 tunc
579 580 704 612 cum
735 581 864 613 uero
899 580 1204 624 congruere.
1240 570 1399 613 Mane
1430 581 1560 613 uero
1592 570 1646 613 in
1676 570 1970 615 Meridiano
2003 570 2342 615 constitutum
2374 572 2415 614 St

208 629 392 672 uertici
412 628 830 681 remotissimum‚
857 628 1099 672 omnium
1120 629 1417 672 maximam
1436 629 1636 673 habere
1655 630 1964 682 Parallaxin,
1987 634 2194 674 certum
2214 631 2302 674 est.
2331 630 2415 674 Sic

207 688 466 731 Parallaxi
478 688 694 731 inuenta
707 699 804 743 per
815 689 976 743 plana
987 688 1247 743 triangula
1260 688 1428 732 tribus
1443 689 1643 744 angulis
1654 689 1707 732 in
1716 690 1971 744 triquetro
1983 689 2251 733 rectilineo
2264 690 2414 742 datis,

208 748 506 791 inuenimus
538 747 836 791 distantiam
870 748 1106 791 Cometae
1135 760 1168 791 a
1197 751 1380 792 centro
1412 751 1572 791 terrae
1602 752 1810 791 tantam
1842 749 1941 793 0130
1971 753 2030 792 111
2062 750 2215 804 supra
2249 750 2416 793 Lunae

209 807 506 863 Sphaeram,
535 807 639 851 11110
659 807 943 859 Ρ101011181,
973 807 1077 851 siue
1098 807 1375 862 Copernici
1400 808 1720 863 hypotheses
1747 808 2043 863 sequamur,
2071 809 2417 853 collocandus

209 867 308 911 0130
332 867 591 910 uideatur.
625 866 720 910 His
745 866 933 910 nostris
962 867 1416 910 obseruationibus
1444 867 1697 923 (exceptis
1726 868 1912 922 paucis
1939 868 2191 923 scrupulis
2216 868 2419 924 primis)

209 927 525 981 respondent
556 923 934 979 παρατηρήσεις
967 926 1362 970 obseruationes
1395 939 1527 981 quas
1562 927 1800 971 Illustriss.
1830 927 2075 982 Princeps
2103 928 2419 971 Wilhelmus

211 986 577 1041 Landgrauius
598 985 823 1029 Cassellis
842 986 896 1028 in
917 985 1092 1029 Hassia
1118 985 1346 1038 instituit,
1374 987 1415 1029 81
1442 986 1525 1042 alij
1555 986 1774 1041 quidam
1795 987 1850 1029 in
1869 987 2058 1031 Prussia
2079 988 2120 1030 81
2140 987 2332 1039 Silefia,
2360 987 2417 1039 81,

210 1049 268 1089 ut
294 1045 469 1097 audio,
496 1045 762 1100 Tubingae.
791 1045 991 1089 Omnes
1018 1045 1162 1088 enim
1187 1045 1240 1088 in
1264 1045 1368 1089 hoc
1396 1046 1734 1098 conueniunt,
1763 1047 1906 1100 quod
1928 1047 2160 1102 praesens
2180 1047 2417 1098 Cometa,

210 1103 391 1149 relicta
412 1104 721 1148 elementari
740 1104 969 1159 regione,
990 1104 1296 1159 migrauerit
1314 1104 1368 1147 in
1381 1105 1720 1149 AEtheream:
1743 1106 1831 1149 etfi
1851 1106 1933 1162 alij
1953 1107 2130 1161 plures
2145 1106 2228 1162 alij
2244 1106 2421 1161 pauci-

213 1176 334 1208 ores
353 1166 637 1207 numerant
655 1167 815 1207 terrae
837 1163 1272 1208 semidiametros.

284 1223 394 1267 Nos
409 1236 441 1266 a
454 1223 643 1267 nostris
658 1223 1114 1267 obseruationibus
1129 1223 1396 1267 discedere
1415 1235 1523 1267 non
1543 1224 1832 1279 possumus:
1855 1236 1996 1276 cum,
2019 1225 2142 1279 quia
2163 1225 2421 1269 mediocri

120 1291 163 1325 15
212 1283 476 1338 diligentia
503 1282 756 1334 adhibita,
785 1283 952 1326 oculis
977 1283 1165 1326 nostris
1188 1294 1280 1326 eas
1299 1283 1529 1326 uidimus
1550 1284 1591 1325 81
1612 1283 2076 1338 deprehendimus:
2104 1285 2239 1327 Tum
2259 1285 2421 1327 etiam

93 1342 180 1386 623
213 1342 336 1397 quia
356 1341 763 1385 Semidiameter
782 1339 803 1400 ΙΙ
824 1341 1146 1394 Quadrantis
1166 1342 1326 1385 nostri
1353 1342 1561 1397 superat
1587 1343 1946 1398 magnitudine
1972 1343 2420 1387 semidiametrum

118 1588 164 1623 20

122 1886 168 1921 25

127 2482 173 2516 35

130 2778 176 2812 40

133 3075 179 3110 45

212 1401 548 1454 Quadrantis,
569 1413 730 1456 quem
744 1401 968 1445 Cassellis
981 1401 1313 1456 usurparunt,
1329 1401 1441 1445 fere
1454 1402 1508 1445 in
1522 1402 1682 1457 dupla
1695 1403 1916 1446 ratione.
1940 1403 2058 1446 Hoc
2073 1403 2193 1447 ideo
2207 1414 2419 1455 moneo,

213 1461 336 1517 quia
348 1464 495 1505 certo
507 1461 727 1513 constat,
744 1461 922 1515 estque
937 1461 1081 1516 quafi
1096 1461 1312 1504 axioma
1323 1461 1376 1504 in
1389 1461 1726 1505 Mechanica:
1744 1474 1849 1516 quo
1861 1462 2069 1506 maiora
2082 1463 2196 1506 sunt
2206 1475 2423 1518 organa,

214 1521 403 1577 quibus
430 1521 552 1565 loca
571 1521 854 1564 Stellarum
879 1523 970 1563 aut
991 1521 1334 1564 Cometarum
1362 1524 1659 1576 captantur,
1687 1534 1752 1565 eo
1780 1522 1878 1565 0130
1905 1522 2158 1566 certiores
2184 1522 2427 1566 obserua-

212 1582 398 1624 tiones.
423 1580 534 1624 Nec
554 1583 752 1632 tamen,
775 1580 811 1622 si
831 1580 1026 1624 erroris
1047 1579 1277 1624 conuicti
1294 1580 1553 1624 fuerimus
1572 1580 1770 1638 (errare
1790 1581 1932 1624 enim
1946 1581 2109 1625 &labi
2127 1581 2426 1624 humanum

215 1640 304 1698 est)
325 1640 560 1695 quadam
581 1639 874 1694 pertinacia
892 1639 1126 1683 nostram
1148 1639 1459 1683 sententiam
1478 1639 1752 1684 ambitiose
1767 1641 2134 1684 defendemus:
2157 1652 2427 1685 memores

217 1701 422 1755 semper
439 1699 745 1754 pulcerrimi
765 1697 887 1742 dicsti
907 1700 1050 1754 quod
1070 1701 1112 1742 5.
1129 1699 1216 1742 lib.
1237 1700 1327 1752 τῆς
1349 1696 1567 1752 μεγάλης
1586 1697 1870 1752 συντάξεως
1888 1700 2076 1744 recitat
2089 1701 2426 1744 Ptolemaeus:

216 1759 374 1803 Cuius
398 1759 566 1802 uerba
591 1761 649 1802 ut
674 1759 770 1802 11111
795 1759 1043 1803 omnibus
1070 1759 1246 1811 obuia,
1278 1759 1476 1803 addere
1501 1759 1588 1803 hic
1614 1759 1827 1814 placuit.
1860 1760 1992 1803 Cum
2019 1759 2197 1803 diuina
2223 1761 2281 1802 111
2307 1760 2427 1803 1180

216 1819 475 1874 professio,
503 1830 861 1873 nequaquam,
889 1818 1121 1862 iudicent
1140 1818 1226 1871 illi,
1250 1818 1339 1873 qui
1358 1818 1639 1862 ueritatem
1659 1819 1941 1873 inquirunt,
1965 1822 2118 1874 turpe
2138 1819 2253 1871 esse‚
2282 1820 2317 1862 11
2338 1822 2430 1862 3111

218 1879 285 1922 ab
314 1879 426 1934 alijs
454 1879 860 1930 admoneantur,
892 1881 983 1921 aut
1010 1878 1103 1933 ipsi
1130 1879 1382 1933 quaedam
1409 1878 1825 1922 emendauerint.
1858 1879 1974 1922 Hoc
2001 1879 2272 1922 Ptolemaei
2299 1891 2431 1933 prae-

217 1942 433 1993 ceptum
457 1938 633 1989 secuti,
660 1941 719 1980 ut
738 1938 804 1981 de
824 1937 1083 1981 Parallaxi
1102 1937 1155 1981 in
1174 1937 1355 1994 ijsdem
1376 1939 1418 1981 81
1438 1938 1644 1993 semper
1663 1938 1958 1992 aequalibus
1979 1939 2213 1981 numeris
2234 1938 2431 1992 aliquo-

216 1998 313 2041 ties
325 2010 358 2041 a
369 1997 522 2041 nobis
532 1997 764 2049 inuenta,
781 1997 993 2052 prorsus
1004 1998 1207 2040 nullum
1221 1997 1606 2052 relinqueretur
1616 1998 1852 2049 dubium,
1869 1998 2011 2041 aliud
2023 1998 2429 2041 Instrumentum

217 2057 408 2113 regulis
430 2057 517 2100 seu
536 2056 850 2112 parallatico
870 2057 1141 2101 Ptolemaei
1162 2057 1340 2109 simile,
1369 2058 1410 2099 81
1438 2057 1558 2100 satis
1580 2069 1835 2112 magnum
1856 2057 2259 2101 construximus.
2289 2057 2430 2100 Nam

219 2117 325 2161 duo
352 2116 582 2171 aequalia
607 2117 776 2160 latera
803 2117 917 2159 sunt
942 2116 1140 2171 pedum
1167 2116 1376 2160 circiter
1401 2117 1684 2160 denorum:
1714 2117 1889 2160 daturi
1914 2116 2163 2172 deinceps
2191 2128 2430 2171 operam,

219 2180 278 2220 ut
303 2177 447 2220 Caelo
476 2176 658 2220 sereno
685 2177 727 2219 81
752 2176 923 2220 uentis
949 2187 1057 2220 non
1082 2176 1506 2231 impedientibus,
1533 2176 1862 2220 instituamus
1887 2174 2280 2230 παρατηρήσεις,
2311 2188 2432 2231 quae

221 2239 313 2279 aut
331 2235 535 2291 priores
555 2235 953 2279 confirmabunt
973 2239 1065 2279 aut
1084 2236 1459 2279 emendabunt.
1490 2236 1624 2279 Haec
1651 2236 1882 2280 breuiter
1908 2237 1973 2280 de
2000 2236 2432 2280 obseruationum

220 2295 518 2340 nostrarum
534 2295 816 2339 Historiola
836 2296 878 2338 81
896 2296 1171 2339 110111111310
1191 2295 1382 2343 nostra.
1404 2295 1661 2339 Studiosae
1680 2295 1953 2347 iuuentuti,
1977 2308 2098 2350 quae
2118 2295 2308 2350 primae
2323 2299 2432 2338 tuae

222 2355 521 2410 quaestionis
546 2354 684 2409 parti
706 2355 1061 2409 responderet,
1088 2355 1324 2398 indicare
1349 2355 1504 2398 iussus
1525 2355 1638 2398 sum
1659 2368 1691 2398 a
1710 2355 2143 2410 Praeceptoribus‚
2173 2355 2361 2408 quibus
2381 2354 2434 2396 in

220 2415 324 2458 1130
346 2414 542 2458 Schola
562 2413 852 2458 studiorum
871 2414 1210 2469 publicorum
1229 2414 1541 2470 gubernatio
1563 2414 1838 2458 commissa
1857 2414 1943 2458 est.

292 2474 519 2517 Transeo
533 2485 674 2517 nunc
690 2474 759 2517 ad
774 2475 1017 2526 alterum,
1032 2474 1086 2516 in
1100 2485 1206 2528 quo
1220 2474 1340 2517 haec
1354 2474 1456 2517 tria
1471 2477 1801 2528 quaeruntur:
1818 2474 2141 2528 Propositum
2154 2473 2429 2524 ostentum,

222 2534 450 2577 Stellane
465 2534 524 2576 111
538 2546 607 2576 311
622 2533 922 2577 Meteoron:
944 2533 998 2576 in
1012 2545 1118 2588 qua
1131 2533 1359 2588 regione,
1375 2533 1770 2585 elementarine,
1786 2545 1855 2576 an
1870 2533 2128 2576 AEtherea
2143 2533 2221 2575 fit:
2243 2532 2430 2575 ultimo

225 2593 350 2648 quid
376 2593 417 2635 81
444 2593 633 2647 quibus
660 2593 930 2648 significet:
959 2593 1025 2636 de
1051 2592 1132 2636 his
1156 2593 1361 2648 singulis
1381 2604 1555 2647 pauca
1576 2592 1768 2635 dicam.
1796 2592 2025 2636 Praesens
2046 2592 2304 2635 ostensum
2324 2603 2432 2635 non

224 2653 323 2696 0130
344 2653 809 2707 annumerandum
828 2652 1067 2703 Planetis‚
1095 2651 1270 2696 notius
1297 2652 1382 2702 est,
1411 2664 1574 2706 quam
1601 2655 1657 2694 ut
1682 2651 1920 2706 pluribus
1941 2651 2006 2695 de
2026 2652 2129 2694 hac
2150 2663 2208 2694 re
2229 2654 2429 2706 agatur.

224 2711 464 2755 Afferam
482 2714 666 2754 tamen
686 2711 943 2765 quasdam
964 2711 1154 2754 breues
1175 2711 1406 2765 quidem,
1436 2711 1523 2754 sed
1547 2711 1734 2754 firmas
1760 2710 2246 2754 demonstrationes.
2277 2710 2433 2753 Nulla

226 2774 360 2814 aetas
384 2783 623 2825 unquam
652 2771 830 2825 plures
859 2782 1023 2824 quam
1052 2771 1250 2824 septem
1278 2770 1580 2814 numerauit
1606 2771 1866 2813 Errantes.
1900 2771 1958 2812 Et
1983 2771 2318 2813 Planetarum
2345 2769 2431 2820 est,

226 2830 440 2885 proprio
461 2833 613 2873 motu
631 2829 839 2873 moueri
859 2827 931 2881 ἑις
951 2825 1177 2882 ἑπόμενα
1197 2829 1264 2872 ab
1287 2830 1480 2873 occasu
1500 2829 1681 2872 uersus
1699 2833 1890 2872 ortum.
1913 2829 2016 2872 Sed
2035 2829 2139 2873 hoc
2155 2829 2431 2880 ostentum,

228 2902 393 2945 quam
420 2888 654 2944 primum
682 2901 714 2932 a
740 2888 893 2932 nobis
922 2887 1263 2943 conspectum
1292 2889 1404 2941 fuit,
1434 2900 1542 2932 non
1570 2889 1757 2943 procul
1784 2891 1816 2931 3
1842 2889 2127 2943 Cassiopeae
2154 2888 2432 2931 Asterismo

227 2961 353 2993 cum
377 2948 545 2992 tribus
571 2948 726 2991 huius
753 2948 930 2991 sideris
951 2947 1135 2999 Stellis,
1164 2960 1392 3002 quarum
1418 2961 1524 2991 una
1550 2947 1622 2991 est
1647 2948 1699 2990 in
1725 2947 1954 3003 pectore,
1982 2949 2147 2991 altera
2173 2948 2323 3002 super
2343 2948 2435 2990 Ca-

226 3008 418 3052 thedra
445 3008 514 3051 ad
540 3007 762 3059 femora,
792 3007 948 3050 tertia
973 3007 1026 3050 in
1053 3007 1267 3051 ascensu
1292 3007 1486 3059 medio,
1518 3011 1609 3050 aut
1635 3019 1863 3062 quarum
1891 3020 1998 3050 una
2028 3007 2099 3051 est
2129 3007 2356 3051 secunda
2381 3007 2435 3049 in

229 3068 414 3112 ordine
442 3066 597 3109 huius
626 3066 1047 3118 constellationis,
1079 3067 1246 3110 altera
1276 3070 1481 3121 quarta,
1511 3066 1666 3110 tertia
1695 3067 2030 3118 duodecima,
2065 3067 2276 3121 fingulae
2304 3077 2434 3110 uero

227 3127 399 3170 tertiae
420 3125 807 3181 magnitudinis,
834 3125 1003 3168 uisum
1023 3125 1095 3169 est
1115 3126 1455 3170 conformare
1475 3127 1643 3179 σχῆμα
1662 3123 1983 3179 ῥομβοειδὲςε
2013 3137 2185 3180 neque
2205 3127 2274 3169 ad
2294 3125 2434 3168 hunc

228 3198 395 3241 usque
407 3186 548 3229 diem
559 3184 872 3240 praedic'tam
885 3185 1112 3240 figuram
1126 3188 1389 3229 mutatam
1403 3186 1518 3237 0130,
1535 3186 1701 3229 oculis
1716 3186 2141 3229 animaduertere
2152 3185 2433 3240 possumus.

232 3246 409 3298 Quare
430 3257 556 3289 cum
577 3245 783 3299 semper
801 3244 855 3287 in
873 3255 981 3288 uno
1001 3245 1122 3288 loco
1143 3244 1362 3295 haereat,
1384 3246 1424 3288 81
1444 3248 1653 3288 tantum
1673 3246 2075 3289 conuerfionem
2089 3244 2246 3299 primi
2259 3247 2436 3288 motus

234 3306 496 3360 sequatur,
518 3315 626 3348 non
645 3304 742 3347 erit
760 3305 988 3347 Planeta.

304 3365 507 3407 Deinde
534 3364 623 3406 0111
643 3365 872 3407 Ρ1311018
897 3375 1004 3407 11011
1031 3363 1237 3418 semper
1263 3364 1352 3407 sub
1381 3364 1647 3419 Ecliptica‚
1675 3367 1732 3407 ut
1758 3364 1862 3416 Sol,
1890 3364 2157 3407 incedant:
2188 3363 2274 3406 sed
2299 3364 2436 3405 ultra

380 3461 422 3496 18
2178 3451 2436 3512 citraque
