2976 4264
503 315 608 368 208
1006 310 1617 365 ASTRONOMIAE
1642 309 2211 363 INSTAURATAE

500 456 767 509 plementa
794 451 1053 506 colligitur
1076 452 1311 506 Angulus
1337 450 1705 494 coincidentiae
1732 449 1949 493 Zodiaci
1974 449 2015 492 81
2043 449 2320 494 Meridiani
2348 450 2421 494 66.
2446 450 2605 493 Grad.
2633 450 2705 494 32.

502 514 667 567 scrup.
696 513 789 555 Per
814 511 955 554 hunc
975 511 1238 565 Angulum
1259 511 1300 553 81
1320 510 1393 553 61.
1417 510 1577 553 Grad.
1598 510 1671 552 32.
1695 509 1878 564 Scrup.
1908 509 2272 553 declinationis
2299 509 2513 553 Sideris:
2543 521 2607 553 ac
2632 509 2706 552 50.

502 573 750 626 scrup.V‚
779 570 1027 612 Latitudo
1052 581 1183 613 uera
1210 569 1277 612 ab
1299 569 1551 623 Ecliptica
1578 568 1784 612 elicitur
1807 569 1880 612 53.
1905 568 2064 612 Grad.
2091 568 2165 611 44.
2188 569 2356 624 scrup.
2386 569 2589 612 Deinde
2613 580 2709 624 per

501 643 686 683 arcum
706 629 1079 672 Ascenfionurn
1101 627 1379 671 Redtarum
1406 641 1438 671 a
1464 628 1720 683 principio
1742 628 1931 672 Cancri
1955 628 2010 671 in
2036 628 2403 672 antecedentia
2428 628 2600 684 Signa,
2627 640 2710 672 us-

500 702 600 745 que
634 688 702 732 ad
728 689 769 731 0.
800 688 959 731 Grad.
987 688 1059 731 53.
1084 688 1251 742 scrup.
1280 687 1515 743 Principij
1539 688 1868 742 AEquatoris,
1897 687 2090 731 scilicet
2116 687 2188 731 89.
2218 688 2378 731 Grad.
2406 689 2449 731 7.
2476 689 2643 743 scrup.
2667 687 2708 730 81
2757 695 2779 730 5

499 761 593 804 per
605 748 677 792 28.
690 748 848 791 Grad.
865 747 937 790 28.
956 748 1122 801 scrup.
1141 747 1528 802 Complementi
1545 747 1925 791 Declinationis
1939 747 2149 800 Sideris,
2166 747 2444 791 eliciuntur
2455 747 2528 791 28.
2547 747 2706 791 Grad.

499 811 540 852 7.
565 809 730 862 scrup.
752 808 846 850 Per
866 818 1027 861 quem
1045 807 1246 850 Arcum
1268 807 1309 850 81
1330 807 1792 862 Complementum
1815 806 2127 850 Latitudinis
2147 807 2220 850 36.
2245 807 2405 850 Grad.
2431 806 2499 850 16.
2523 807 2705 862 Scrup.

497 865 2447 981 33pgffssgztffiffipEzfiffffsa{pigssssffiii’nffffiaiiffsuffligfflffi
2459 866 2709 985 seg-¹331}

499 984 837 1040 AEquinod'tio
857 985 911 1028 in
931 985 1264 1028 succedentia
1279 985 1450 1040 Signa,
1472 985 1527 1028 in
1544 985 1618 1028 37.
1637 985 1723 1028 Gr.
1745 985 1812 1028 10.
1830 985 2013 1040 Scrup.
2036 985 2213 1028 Existit
2232 997 2357 1041 ergo
2378 997 2580 1029 nouum
2601 985 2705 1029 hoc
2737 983 2825 1028 695

498 1046 649 1088 Sidus
663 1045 716 1087 in
730 1046 771 1087 7.
789 1044 876 1088 Gr.
898 1044 965 1088 10.
983 1045 1150 1099 scrup.
1170 1044 1601 1100 Dodecatemorij
1617 1044 1790 1096 Tauri,
1807 1056 1932 1088 curn
1945 1044 2219 1089 latitudine
2233 1044 2441 1089 Boreali
2453 1045 2526 1089 53.
2544 1045 2703 1089 Grad.

496 1105 568 1148 44.
591 1104 828 1159 Scrupul.

668 1213 1149 1278 DISQUISITIO
1177 1213 1466 1267 EORUM
1494 1213 1691 1279 QUAE
1715 1214 1821 1266 AB
1849 1213 2027 1269 HOC
2055 1213 2532 1267 CAMERARIO

1298 1296 1649 1350 PROLATA
1676 1296 1906 1350 SUNT.

569 1380 722 1443 Quae
752 1380 825 1432 ab
854 1382 1022 1432 initio
1050 1380 1121 1432 de
1148 1379 1344 1432 816118
1374 1387 1598 1442 exortu,
1628 1380 2033 1446 magnitudine
2062 1386 2401 1445 apparente,
2430 1379 2624 1433 forma
2653 1379 2706 1432 &
2757 1397 2801 1432 15

496 1452 627 1504 loco
648 1451 995 1517 generaliter
1014 1452 1248 1513 indicat,
1269 1451 1402 1504 satis
1421 1451 1573 1504 bene
1592 1452 1648 1504 se
1669 1451 1905 1504 habent.
1926 1452 2152 1504 Verum
2172 1467 2308 1503 cum
2328 1451 2403 1504 ad
2419 1451 2705 1505 Obserua—

496 1526 685 1575 tiones
704 1530 950 1575 ventum
977 1523 1068 1584 est,
1096 1538 1127 1574 e
1155 1522 1369 1588 quibus
1394 1523 1642 1576 nucleus
1667 1523 1785 1589 ipse
1810 1525 1988 1575 totius
2009 1525 2357 1589 cognitionis
2378 1526 2532 1576 circa
2550 1523 2707 1576 hanc

497 1594 738 1647 Stellam
759 1595 1195 1660 depromendus
1216 1601 1355 1656 erat,
1377 1594 1475 1647 etfi
1488 1598 1552 1647 in
1565 1595 1680 1647 illis
1694 1595 1889 1647 debito
1903 1595 2083 1647 modo
2098 1594 2568 1648 administrandis
2582 1611 2707 1647 non

496 1665 846 1730 postremam
872 1666 1232 1731 diligentiam
1259 1665 1593 1719 adhibuerit
1618 1666 1713 1719 hic
1733 1667 1926 1718 Autor
1953 1666 2261 1731 (fiquidem
2285 1669 2437 1718 inter
2457 1666 2706 1719 Germa-

497 1753 607 1789 nos
631 1737 802 1789 multi
828 1740 1039 1802 reperti
1065 1737 1210 1799 sunt,
1238 1740 1340 1802 qui
1366 1738 1540 1803 longe
1566 1737 1795 1803 segnius
1822 1744 1999 1802 atque
2019 1740 2511 1803 incompetentius
2531 1753 2706 1804 nego·
2756 1754 2803 1789 20

496 1811 645 1860 tium
664 1807 778 1860 hoc
797 1807 1141 1873 tractarint):
1169 1815 1431 1861 attamen
1450 1812 1513 1862 in
1532 1809 1664 1874 ipfis
1684 1811 1965 1875 minutijS,
1988 1825 2138 1870 eam,
2161 1825 2343 1874 quam
2362 1825 2486 1875 prae
2505 1809 2562 1861 se
2581 1809 2706 1871 fert,

496 1879 883 1941 subtilitatem,
897 1886 1073 1944 atque
1085 1880 1504 1944 praecifionem,
1517 1896 1901 1945 nequaquam
1911 1880 2026 1933 suis
2040 1880 2564 1934 obseruationibus
2575 1882 2706 1933 3156-

498 1957 666 2003 cutus
693 1951 789 2003 est:
822 1951 941 2003 fiue
968 1951 1336 2003 Instrumenti
1368 1968 1493 2004 non
1522 1955 1687 2004 omni
1715 1968 1787 2004 ex
1812 1958 1977 2016 parte
2004 1951 2226 2004 affabre
2254 1952 2555 2014 elaborati,
2587 1951 2707 2005 fiue

499 2022 912 2074 collimationis
931 2025 1131 2074 minus
1150 2029 1420 2075 accurate
1440 2023 1727 2085 institutae,
1754 2023 1874 2075 fiue
1893 2029 2141 2087 vtraque
2168 2026 2414 2085 ratione,
2441 2030 2544 2076 aut
2564 2039 2706 2088 qua-

499 2109 732 2157 cunque
758 2093 878 2145 alia
904 2094 975 2145 de
1003 2094 1206 2155 caussa,
1235 2095 1295 2146 id
1322 2097 1639 2160 contigerit.
1667 2094 1847 2159 Quod
1869 2094 1991 2159 ipsa
2013 2094 2510 2147 obseruationum
2530 2095 2706 2148 disco-
2756 2111 2803 2147 2⁵

498 2164 802 2225 haerentia,
835 2164 983 2217 alias
1015 2172 1192 2229 atque
1225 2165 1373 2218 alias
1398 2166 1669 2230 praebens
1695 2182 1732 2218 a
1756 2168 1971 2218 vertice
1999 2165 2310 2227 distantiaS,
2345 2182 2481 2231 quae
2506 2173 2708 2219 tamen

498 2237 709 2287 reuera
723 2237 965 2297 eaedem‚
982 2237 1180 2301 quoad
1196 2237 1431 2289 durauit
1445 2237 1575 2289 1186
1590 2237 1785 2297 Stella,
1802 2236 2263 2302 permanserunt,
2284 2237 2509 2302 liquido
2525 2237 2706 2290 osten-

500 2307 601 2359 dit:
622 2313 796 2372 prout
816 2323 975 2359 nunc
995 2308 1390 2372 particulatim
1409 2308 1890 2373 introspiciemuS.

571 2378 658 2430 Ex
683 2378 1194 2431 animaduersione
1223 2378 1375 2432 fac'ta
1401 2380 1495 2432 die
1523 2380 1592 2432 23
1620 2380 1916 2432 Nouemb.
1945 2379 1997 2431 &
2022 2379 2396 2444 sequentibus
2424 2382 2488 2432 in
2516 2396 2705 2432 remo-

499 2452 658 2501 tione
688 2465 726 2501 a
752 2452 966 2502 vertice
995 2453 1246 2502 minima
1273 2450 1332 2502 P.
1360 2451 1409 2503 9.
1439 2448 1476 2517 Ι.
1502 2451 1594 2503 30:
1624 2454 1889 2503 maxima
1917 2451 1975 2503 P.
2002 2452 2088 2504 65.
2118 2448 2153 2517 Ι.
2178 2451 2269 2504 52;
2299 2451 2593 2516 applicata
2622 2451 2707 2503 illi
2756 2468 2802 2504 30

500 2520 626 2572 Poli
648 2521 955 2573 altitudine
975 2522 1034 2573 P.
1055 2522 1140 2574 52.
1165 2519 1200 2587 l.
1222 2522 1307 2574 24.
1331 2538 1513 2587 quam
1540 2538 1614 2575 ex
1639 2522 2047 2574 obseruatione
2074 2522 2332 2575 constare
2358 2525 2439 2575 ait
2466 2522 2559 2587 (de
2587 2539 2707 2588 qua

499 2591 632 2643 licet
659 2608 765 2657 ego
791 2608 915 2644 non
940 2592 1059 2645 fine
1086 2594 1274 2646 eaussa
1299 2593 1534 2659 ambigo
1557 2593 1608 2645 &
1629 2591 1965 2646 conieciura
1990 2593 2281 2658 probabili
2306 2595 2584 2659 assequor,
2610 2596 2705 2647 tri-

498 2663 608 2715 bus
621 2664 717 2715 vel
737 2670 992 2728 quatuor
1006 2664 1306 2729 Scrupulis
1320 2665 1465 2717 iusto
1480 2665 1751 2717 altiorem
1765 2665 2014 2717 admitti:
2035 2666 2299 2718 retinebo
2316 2665 2706 2718 nihilominus

500 2733 655 2786 hanc
680 2735 880 2799 ipsam,
909 2751 1091 2799 quam
1110 2737 1303 2788 Autor
1327 2736 1648 2802 proposuit)
1677 2736 1965 2801 colligitur
1990 2739 2155 2789 iuxta
2180 2736 2356 2802 ipfius
2381 2739 2705 2798 ratiocinia,

500 2805 823 2858 Parallaxis
842 2813 1021 2868 tanta,
1050 2823 1185 2872 quae
1205 2807 1426 2860 sextam
1448 2808 1686 2860 Gradus
1709 2814 1937 2873 partem
1957 2810 2216 2873 attingat,
2242 2808 2284 2859 11
2310 2807 2706 2872 compofitam,
2755 2824 2801 2859 35

500 2882 560 2928 vt
579 2876 676 2928 ille
696 2893 800 2942 per
819 2880 1111 2930 incuriam
1131 2879 1396 2943 aliquam
1417 2879 1715 2941 commifit,
1742 2895 1850 2943 pro
1875 2878 2196 2944 segregatiS‚
2225 2879 2704 2943 assumpserimuS.

501 2947 579 2999 At
598 2948 639 2999 11
658 2947 767 3000 has
788 2951 911 3010 rite,
937 2956 1112 3014 prout
1132 2950 1341 3010 decuit,
1368 2951 1442 3003 ab
1463 2953 1723 3002 inuicem
1742 2950 2229 3015 separauerimuS,
2257 2953 2363 3002 erit
2383 2950 2706 3023 Parallaxis

502 3021 697 3071 citima
712 3020 873 3084 quafi
888 3020 973 3072 M.
989 3020 1044 3072 8:
1061 3021 1351 3085 Suprema
1364 3024 1530 3074 iuxta
1541 3024 1819 3074 verticem
1834 3021 1919 3073 M.
1935 3022 1985 3073 2.
2008 3022 2144 3073 Hoc
2158 3022 2317 3074 idem
2329 3021 2707 3074 Parallaxeos

501 3090 910 3155 Aggregatum,
932 3091 1146 3157 colligit
1167 3108 1239 3143 ex
1260 3091 1665 3145 Subtradtione
1687 3092 2116 3145 Declinationis
2137 3092 2332 3145 816118
2353 3099 2599 3157 vtraque
2618 3092 2705 3144 su·

501 3176 608 3224 pra
629 3160 680 3211 81
699 3161 853 3213 infra
866 3162 1076 3214 Polum
1097 3163 1433 3228 conquifita‚
1456 3167 1551 3216 6111
1571 3170 1772 3216 13111611
1790 3163 1932 3216 bina
1950 3167 2181 3216 minuta
2199 3179 2510 3229 perperam
2529 3163 2705 3224 addit,
2755 3179 2802 3214 40

502 3231 668 3283 nulla
687 3232 747 3283 id
768 3234 954 3285 caussa
975 3236 1262 3298 exigente:
1284 3235 1480 3299 Atque
1495 3234 1833 3288 Parallaxin
1849 3250 1953 3299 per
1966 3234 2021 3287 se
2036 3237 2286 3287 nimiam
2302 3235 2460 3299 (cum
2473 3234 2707 3299 prorsus

502 3301 669 3353 nulla
687 3302 856 3367 foret)
879 3303 1074 3356 adhuc
1093 3305 1226 3370 plus
1245 3308 1708 3370 incompetenter
1728 3306 1994 3371 adauget.

574 3372 687 3425 Sed
714 3379 939 3426 tantam
966 3391 1205 3439 quoque
1232 3392 1355 3428 non
1381 3376 1556 3437 fuisse,
1582 3376 1888 3441 sequentes
1909 3377 2364 3429 Obseruationes
2385 3376 2595 3499 ffiem
2615 3376 2706 3428 In-

2504 3453 2705 3499 mento
