2976 4264
682 311 1562 364 PROGYMNASMATUM
1588 310 1902 363 TERTIA
1929 309 2131 362 PARS
2441 310 2510 363 73

189 462 277 506 558
309 452 766 506 DISTANTIAE
798 453 1056 506 NOUAE
1088 453 1404 506 STELLAE
1429 454 1486 505 A
1512 452 1982 506 NONNULLIS
2008 451 2223 512 FIXIS,
2257 450 2510 504 IUXTA

380 536 754 599 CORNELIJ
783 536 1116 589 GEMMAE
1141 535 1830 596 ANNOTATIONEM,
1858 535 1910 586 &
1935 534 2326 588 NOSTRAM
2353 535 2439 586 IN

841 619 1119 682 IJSDEM
1145 618 1974 672 ANIMADUERSIONEM.

1643 723 1855 759 Distantiae

1462 770 2028 793 —-

494 1106 551 1156 A
572 1106 732 1158 clara
750 1106 939 1158 Persei

494 1177 551 1227 A
571 1180 759 1242 capite
781 1177 1101 1241 Cassiopeae

493 1248 551 1298 A
571 1247 730 1300 clara
749 1251 812 1299 in
832 1248 1000 1300 dorso
1020 1248 1115 1300 vel
1134 1246 1366 1313 pectore

493 1319 550 1369 A
569 1322 739 1372 tertia
759 1319 1078 1384 Cassiopeae

493 1390 550 1441 A
571 1390 731 1442 clara
749 1393 813 1442 in
833 1390 1076 1442 Lumbis
1095 1406 1258 1442 num.
1280 1391 1330 1442 4.

493 1460 588 1512 Ab
608 1461 938 1514 Vndeeima

493 1533 550 1583 A
571 1532 731 1585 clara
749 1535 813 1584 in
831 1532 963 1584 sede
984 1532 1304 1597 Cassiopeae

493 1603 712 1656 Vndec.
735 1604 862 1656 Cas.
886 1603 1126 1656 distabat
1145 1619 1183 1656 a
1202 1603 1396 1655 Polari

214 1193 257 1228 10

213 1549 255 1583 15

374 1733 723 1786 Notandum
751 1750 893 1786 vero
923 1734 1166 1787 Stellam
1195 1734 1402 1798 (quam
1430 1732 1528 1785 hic
1556 1739 1728 1785 vocat
1757 1732 1980 1784 claram
2008 1731 2217 1795 Persei)
2250 1747 2374 1783 non
2404 1732 2506 1783 esse

304 1804 556 1857 eandem
570 1821 691 1870 qua
701 1808 865 1870 prius
878 1805 1010 1857 vsus
1025 1805 1116 1866 est,
1133 1805 1276 1857 dum
1289 1821 1393 1870 per
1406 1805 1599 1857 Arcus
1613 1803 1928 1856 Stellarum
1940 1802 2294 1855 transuersos
2309 1803 2507 1854 Nouae

302 1875 502 1928 locum
520 1876 781 1929 indicare
800 1877 1002 1929 voluit.
1028 1876 1150 1928 Illic
1171 1879 1332 1928 enim
1353 1876 1549 1940 Caput
1568 1874 1835 1927 Medusae
1854 1890 1962 1939 pro
1983 1874 2143 1926 clara
2162 1873 2348 1925 Persei
2368 1875 2506 1925 assu-

208 1964 255 1999 20
302 1947 515 2009 mebat,
542 1964 678 2012 quae
698 1964 736 2000 a
754 1951 1052 2000 neoterica
1077 1948 1190 2000 hac
1211 1947 1391 2000 Stella
1409 1947 1599 1999 distitit
1618 1947 1677 1998 P.
1698 1946 1783 1998 32.
1808 1943 1843 2012 l.
1865 1946 1950 1998 58.
1977 1945 2235 2009 Ideoque
2256 1960 2392 1996 cum
2411 1944 2507 1996 hic

302 2018 576 2083 vsurpata
594 2035 719 2071 non
739 2019 949 2072 eadem
970 2019 1060 2071 est.

375 2091 462 2142 Ex
487 2089 600 2143 hac
620 2090 935 2143 collatione
954 2090 1087 2142 satis
1110 2090 1309 2155 liquet,
1337 2105 1519 2155 quam
1539 2089 1716 2141 deuia
1734 2088 1841 2140 fint
1861 2087 2175 2141 Stellarum
2194 2086 2508 2138 interualla

302 2177 341 2213 a
353 2161 612 2214 Gemma
625 2165 952 2214 etiamnum
967 2162 1252 2227 castigata,
1269 2163 1545 2226 quamuis
1558 2176 1629 2212 ea
1639 2175 1856 2225 magna
1867 2159 1919 2211 &
1930 2161 2201 2211 reiterata
2212 2158 2509 2223 diligentia

302 2235 408 2285 rite
434 2232 490 2284 se
517 2233 912 2298 conquifiuisse
938 2240 1116 2298 putet.
1144 2233 1344 2285 Habet
1369 2239 1571 2285 autem
1595 2232 1812 2296 vbique
1837 2233 2015 2282 nimis
2041 2228 2200 2282 arcta
2218 2229 2427 2293 spacia,
2455 2228 2508 2279 ἃ

208 2320 254 2354 25
302 2304 434 2356 licet
448 2303 681 2366 alicubi,
699 2307 762 2356 in
776 2304 934 2356 calce
949 2305 1123 2365 Libri,
1137 2304 1236 2356 vbi
1250 2305 1321 2356 de
1336 2304 1694 2369 Hieronymi
1708 2301 1965 2367 Munofij
1986 2299 2507 2354 obseruationibus

225 2379 254 2423 ’ἓ
303 2377 419 2441 agit
437 2391 542 2440 per
561 2375 718 2428 oculi
737 2375 1212 2440 profunditatem,
1234 2375 1287 2427 &
1307 2376 1431 2427 ossis
1450 2374 1661 2439 iugalis
1682 2377 1834 2425 circa
1853 2373 2013 2424 hunc
2032 2371 2197 2436 pofiti
2217 2371 2506 2423 habitudi-

300 2462 456 2508 nem,
488 2462 623 2499 eam
648 2462 831 2512 quam
856 2447 1161 2499 admittere
1190 2446 1331 2498 solet
1356 2449 1420 2498 in
1443 2444 1978 2509 intercapedinibus
2003 2459 2106 2509 per
2132 2443 2385 2494 Radium
2411 2443 2505 2494 de-

300 2518 610 2570 metiendis
630 2534 667 2571 a
687 2518 862 2571 Coelo
883 2518 1344 2582 discrepantiam,
1366 2516 1640 2569 excusare
1660 2518 1895 2574 nitatur,
1916 2514 1975 2566 id
1995 2521 2195 2566 tamen
2214 2514 2505 2573 incassum,

302 2605 439 2640 cum
466 2589 640 2641 Oculi
665 2589 989 2641 Parallaxis
1014 2595 1241 2641 tantam
1267 2589 1716 2648 aberrationem,
1746 2585 2065 2651 praesertim
2091 2587 2154 2636 in
2178 2584 2506 2636 minoribus

206 2676 253 2711 30
301 2659 596 2725 distantijS,
616 2660 916 2725 suggerere
936 2675 1320 2724 nequaquam
1339 2661 1608 2723 potuerit.

373 2731 466 2783 Sic
493 2745 748 2795 quoque,
779 2731 939 2796 quod
965 2731 1037 2783 de
1064 2730 1244 2783 Stella
1268 2730 1479 2790 Polari,
1509 2728 1687 2781 semel
1712 2735 1888 2792 atque
1914 2729 2127 2778 iterum
2153 2728 2346 2777 innuit
2373 2741 2506 2777 eam

302 2803 406 2853 esse
421 2801 733 2854 obseruatu
747 2801 1061 2862 difficilem,
1076 2801 1233 2853 iustis
1247 2801 1573 2853 rationibus
1586 2815 1712 2851 non
1724 2799 1876 2852 facit.
1894 2798 2018 2850 Cur
2030 2800 2189 2849 enim
2199 2812 2324 2848 non
2334 2812 2506 2860 aeque

301 2879 478 2937 atque
502 2872 637 2924 aliae
661 2872 873 2933 Stellae,
903 2873 1083 2924 modo
1107 2871 1493 2923 Instrumenta
1521 2871 1738 2923 idonea
1766 2869 1965 2929 adfint,
1996 2868 2379 2920 collimationi
2404 2882 2504 2931 pa-

300 2942 453 2996 teat?
472 2945 572 2995 An
593 2947 735 3008 quia
752 2946 1048 2995 minorem
1068 2946 1220 2995 circa
1239 2942 1451 2994 Polum
1470 2941 1731 2995 describit
1746 2938 2086 2994 Circulum'?
2106 2940 2242 2991 Hoc
2261 2938 2398 2990 sane
2418 2940 2504 2989 ni-

206 3031 252 3067 3⁵
302 3014 387 3066 hil
406 3015 669 3079 impedit;
697 3018 819 3066 imo
838 3014 880 3066 fi
900 3014 1042 3079 quid
1063 3015 1205 3075 esset,
1226 3017 1528 3078 negotium
1547 3016 1733 3078 magis
1752 3018 2080 3077 promouet.
2109 3010 2286 3073 Quod
2306 3016 2505 3061 autem

301 3086 630 3138 distantiam
657 3088 783 3137 eius
810 3101 847 3138 a
872 3085 1017 3137 Polo
1044 3101 1179 3137 cum
1202 3085 1370 3136 Patre
1396 3084 1611 3136 collata
1636 3083 1914 3135 industria
1938 3082 2163 3146 semper
2189 3080 2504 3132 obseruasse

183 3166 271 3210 559
301 3164 445 3222 part.
460 3157 511 3209 3.
526 3160 667 3208 min.
682 3157 769 3218 35,
790 3159 871 3208 ita
889 3163 950 3208 vt
970 3150 1495 3223 Declinatio-unem
1515 3155 1774 3207 obtineat
1792 3160 1938 3219 part.
1953 3153 2038 3206 86.
2059 3155 2201 3204 min.
2216 3152 2302 3211 25,
2322 3154 2505 3202 miror

302 3244 406 3280 cur
425 3228 593 3289 dicat,
616 3244 752 3280 cum
771 3227 903 3279 talis
922 3230 1022 3279 vix
1042 3227 1135 3279 100
1154 3227 1347 3278 Annis
1366 3229 1673 3291 praeteritis
1692 3225 1880 3286 fuerit,
1906 3225 2065 3289 quod
2084 3231 2315 3287 tempus
2336 3222 2505 3274 Pater

302 3301 429 3351 eius
448 3314 574 3350 non
593 3302 792 3364 attigit,
813 3299 1000 3350 multo
1020 3301 1218 3349 minus
1238 3297 1354 3349 ille.

209 3386 256 3421 40
378 3369 542 3433 Quin
556 3370 608 3421 δι
622 3369 778 3422 hanc
791 3368 1365 3422 animaduersionem
1380 3367 1654 3420 Gemmae
1669 3366 1846 3419 Frifio
1860 3366 2014 3418 Patri
2027 3365 2130 3417 suo
2144 3367 2341 3447 minus
2355 3361 2504 3484 netelte

448 3452 491 3487 10
2239 3449 2403 3498 impu
2427 3449 2464 3485 a
2491 3473 2502 3492 ,
