2976 4264
468 351 539 403 50
970 344 1580 399 ASTRONOMIAE
1606 342 2170 397 INSTAURATAE

467 489 641 531 rursus
666 486 909 542 progredi
929 485 1160 539 caeperit,
1191 483 1526 527 attendemus
1546 495 1615 526 an
1635 483 1789 526 Sidus
1808 483 1913 527 hoc
1934 483 2025 527 suo
2047 494 2171 526 eum
2191 486 2342 527 motu
2361 483 2578 538 proprio
2600 483 2669 527 se-

467 551 712 591 cuturum
734 547 805 588 fit.
829 544 1058 588 Omnino
1080 543 1242 586 fatale
1262 542 1458 596 aliquid
1472 542 1595 586 huic
1610 542 1891 597 postremae
1906 542 2052 585 aetati
2064 542 2308 596 portendi
2321 542 2512 586 iudico.
2535 543 2667 586 Cum

466 610 644 649 autem
660 606 700 648 81
712 608 765 647 te
779 604 940 647 sciam
955 603 1226 658 diligenter
1239 601 1591 656 contemplari
1605 602 1827 653 Coelum,
1849 602 1891 644 ἃ
1911 601 2112 644 ostenta
2130 601 2258 644 talia
2271 601 2506 645 maxime
2521 613 2667 646 curae

464 665 562 709 esse
573 664 746 708 nostro
760 663 1040 718 Cypriano‚
1052 664 1296 704 amanter
1307 671 1420 712 oro,
1434 663 1693 715 quantum
1703 660 1858 704 uobis
1868 660 2025 704 fuerit
2036 663 2374 715 compertum
2386 663 2545 715 atque
2555 672 2668 716 per—

462 724 786 778 uestigatum,
809 722 876 765 ad
891 733 979 765 me
992 724 1050 764 ut
1063 720 1313 764 scribatis.
1337 720 1475 763 Bene
1489 720 1530 763 81
1545 719 1789 763 foeliciter
1801 719 1949 771 Vale,
1971 721 1998 763 7
2013 719 2342 772 Decembris,
2364 720 2518 764 Anno
2537 720 2664 764 1572.

1878 790 1941 834 D.
1964 790 2225 834 CAsPARvs
2246 791 2521 834 PEVCERvs.

530 915 598 965 In
617 914 776 965 hunc
795 913 1043 965 modum
1057 912 1334 964 Eruditiss.
1349 911 1448 963 ille
1462 912 1755 964 Peucerus
1769 911 1845 964 ad
1859 911 2303 977 Hieronymum
2312 882 2666 977 Wolphium

458 984 787 1049 perscripfit,
810 984 1022 1049 quibus
1042 983 1221 1035 literis
1244 982 1487 1036 Consuli
1505 982 1826 1035 Hainzelio
1846 998 1951 1047 per
1963 982 2317 1047 Wolphium
2338 985 2665 1036 commum·-

459 1059 615 1116 catiS‚
647 1056 806 1120 quod
834 1055 996 1107 sciret
1025 1054 1194 1107 illum
1223 1054 1376 1107 hisce
1406 1057 1673 1119 apprime
1703 1052 1994 1115 delectari,
2030 1054 2083 1106 81
2118 1069 2223 1118 per
2255 1053 2665 1117 Quadrantem

455 1129 786 1178 maximum
800 1126 995 1179 Steuae
1011 1125 1536 1178 obseruationibus
1554 1125 1758 1178 sedulo
1777 1125 2112 1191 inuigilasse,
2132 1127 2182 1177 is
2201 1125 2464 1190 sequenti
2482 1126 2663 1178 modo

455 1197 740 1262 Wolphio
770 1197 1170 1263 respondebat,
1201 1197 1254 1249 &
1282 1203 1408 1249 tum
1435 1197 1507 1248 de
1534 1196 1714 1249 Stella
1740 1197 1938 1258 Noua,
1968 1203 2096 1249 tum
2124 1196 2196 1248 de
2224 1195 2573 1261 quibusdam
2600 1199 2663 1254 in

455 1269 607 1321 hisce
627 1269 868 1321 Peuceri
887 1269 1067 1321 literis
1087 1270 1389 1330 contentiS‚
1410 1267 1577 1320 suam
1597 1268 1962 1321 Sententiam
1981 1267 2337 1333 interposuit.
2359 1262 2381 1336 ΙΙ

454 1414 921 1488 SEQUITUR
943 1412 1447 1474 EXEMPLAR
1470 1414 2016 1475 LITERARUM
2033 1413 2581 1474 AMPLISSIMI
2599 1414 2660 1475 81

629 1505 1195 1559 SPECTATISSIMI
1215 1505 1373 1557 VIRI
1392 1506 1621 1558 PAVLI
1641 1505 2059 1558 HAINZELII
2079 1504 2410 1568 PATRICIJ
2432 1505 2485 1557 &

753 1588 1146 1642 CONSULIS
1166 1588 1407 1724 AUCZQJ
1402 1587 1645 1725 ἓξὲξ-ΙΙΙ
1647 1588 2361 1724 913.ΗΙΕΚΟΝΥΜῚῙΜ

562 1760 1054 1814 DOCTISSIMO
1077 1760 1264 1814 VIRO
1286 1761 1625 1814 DOMINO
1646 1759 2143 1814 HIERONYMO
2163 1759 2549 1814 WOLPHIO

1142 1842 1361 1886 AMICO
1382 1841 1960 1956 SVssFssiARISSIMO.

551 1989 673 2033 VAS
688 1990 818 2033 mihi
832 1990 897 2033 de
909 1989 1065 2034 Nouo
1078 1989 1302 2033 Lumine
1315 1989 1478 2046 (quod
1491 2001 1588 2045 ego
1600 1989 1698 2033 Die
1709 1990 1736 2032 7
1749 1989 2085 2042 Nouembris,
2099 1989 2270 2033 statim
2281 1989 2350 2033 ab
2363 1989 2513 2033 Hora
2523 1988 2552 2032 6
2562 1989 2653 2033 PM

575 2050 628 2092 in
654 2049 863 2093 decima
884 2049 1014 2092 Coeli
1034 2050 1197 2093 domo
1217 2049 1450 2104 primum
1472 2049 1737 2106 conspexi)
1757 2051 1789 2092 a
1810 2048 2041 2093 Domino
2070 2049 2132 2093 D.
2156 2049 2386 2104 Casparo
2405 2050 2653 2101 Peucero,

448 2109 518 2151 ad
530 2112 583 2152 te
598 2109 751 2152 datas
765 2109 945 2152 literas
960 2109 1208 2164 legendas
1224 2108 1420 2160 dedisti,
1442 2107 1720 2152 Doc’cissine
1734 2108 1808 2151 mi
1821 2108 2053 2163 Wolphi‚
2070 2120 2163 2152 eas
2177 2119 2290 2164 ego,
2307 2121 2340 2152 a
2353 2108 2654 2164 peritissimo

448 2168 689 2212 omnium
707 2169 811 2211 hac
833 2168 1007 2212 nostra
1028 2171 1186 2211 aetate
1206 2167 1259 2210 in
1281 2168 1501 2211 Mathefi
1515 2167 1642 2211 Viro
1664 2167 1898 2222 scriptas,
1921 2167 2192 2223 diligenter
2210 2180 2406 2224 magna
2426 2179 2551 2212 cum
2564 2179 2656 2212 uo-

446 2229 646 2282 luptate
665 2227 858 2271 iterum
879 2230 1038 2282 atque
1057 2227 1250 2271 iterum
1270 2227 1480 2282 perlegi,
1502 2227 1712 2282 eiusque
1728 2227 2137 2271 Obseruationes
2152 2239 2277 2271 cum
2291 2227 2424 2271 meis
2438 2227 2651 2271 contuli.

447 2287 869 2331 Declinationem
896 2298 994 2330 nos
1020 2286 1174 2330 huius
1200 2287 1394 2330 Sideris
1421 2287 1488 2330 ab
1510 2286 1808 2341 AEquatore
1835 2286 2310 2342 septentrionalem
2337 2298 2404 2330 ex
2427 2289 2654 2341 utraque

444 2349 555 2389 tam
580 2347 834 2399 maxima,
857 2358 1019 2400 quam
1041 2346 1279 2399 minima,
1300 2347 1353 2389 in
1373 2346 1581 2390 Circulo
1597 2346 1892 2390 Meridiano
1907 2346 1975 2390 ab
1991 2346 2299 2399 Horizonte,
2321 2346 2651 2399 sublimitate,

446 2406 673 2449 eandem
693 2405 943 2449 nimirum
963 2405 1015 2449 61
1039 2408 1174 2461 part.
1196 2405 1254 2448 48
1279 2406 1446 2460 scrup.
1468 2405 1595 2458 fere,
1621 2408 1703 2449 ter
1728 2409 2019 2460 quaterque
2046 2405 2526 2461 depraehendimus.
2555 2406 2654 2449 Ita—

446 2477 548 2519 que
573 2465 626 2508 in
651 2466 796 2508 sexta
822 2465 958 2508 forte
985 2464 1042 2522 {5
1067 2468 1218 2520 parte
1244 2465 1413 2517 litum,
1442 2464 1812 2509 existimemus.
1841 2465 1944 2508 Sed
1969 2477 2095 2509 cum
2121 2465 2187 2509 de
2214 2465 2514 2509 Latitudine
2539 2465 2652 2509 eius

442 2536 588 2577 uera,
612 2536 717 2579 quo
737 2523 893 2579 pacto
915 2525 1077 2568 etiam
1098 2536 1163 2568 ea
1175 2524 1230 2567 in
1244 2524 1568 2577 Quadrante‚
1592 2527 1684 2568 aut
1698 2524 1931 2579 quolibet
1945 2525 2049 2569 alio
2065 2525 2278 2580 Organo
2296 2524 2428 2568 sumi
2442 2524 2650 2577 debeat,

442 2584 567 2626 nihil
587 2584 692 2627 huc
713 2584 876 2638 usque
897 2584 1018 2627 satis
1038 2583 1300 2638 comperti
1322 2584 1636 2637 habeamus,
1664 2585 1705 2627 81
1732 2584 1801 2627 ad
1820 2595 2009 2627 ueram
2030 2584 2438 2639 Longitudinem
2457 2583 2651 2628 Sideris

442 2644 816 2698 indagandam,
848 2643 1142 2687 Declinatio
1170 2644 1320 2686 fimul
1347 2644 1388 2686 δι
1419 2643 1667 2687 Latitudo
1695 2643 1934 2687 constare
1961 2644 2177 2688 debeat:
2208 2655 2315 2687 non
2344 2643 2436 2687 nisi
2461 2643 2654 2698 platice

440 2703 621 2746 locum
650 2703 761 2746 eius
787 2702 1021 2746 indicare
1045 2702 1328 2757 possumus.
1358 2702 1411 2746 Si
1431 2703 1789 2746 Latitudinem
1809 2703 1921 2747 eius
1941 2702 1999 2746 54
2017 2706 2153 2758 part.
2174 2703 2652 2760 (quemadmodum

440 2761 699 2805 Vlmenfis
719 2762 804 2805 ille
823 2762 1002 2819 refert)
1023 2762 1259 2806 absolute
1279 2762 1613 2815 definiamus,
1636 2763 1944 2817 colligemus
1963 2774 2059 2817 per
2078 2761 2390 2806 Doctrinam
2408 2762 2653 2817 Triangu-

439 2822 615 2864 lorum
643 2821 710 2864 ab
740 2820 1081 2875 AEquinoctio
1108 2822 1313 2864 uernali
1340 2821 1629 2876 particulas
1655 2821 1877 2874 5947007,
1910 2822 2099 2876 quibus
2125 2822 2405 2877 respondet
2429 2821 2652 2865 circum-

439 2880 662 2923 ferentia
685 2880 744 2923 36
762 2883 897 2935 part.
920 2881 1045 2924 min.
1067 2880 1188 2927 29ss
1219 2881 1516 2935 Longitudo
1541 2881 1788 2925 uidelicet
1808 2881 1984 2924 Stellae
2010 2881 2077 2925 ab
2098 2881 2274 2925 Ariete
2299 2880 2649 2933 numeranda,

438 2951 505 2982 ex
526 2940 653 2983 data
674 2940 1041 2983 Declinatione
1061 2940 1102 2982 81
1123 2940 1424 2983 Latitudine
1443 2943 1656 2996 reperta
1674 2941 1728 2983 in
1748 2941 1892 2996 grad.
1915 2940 1957 2984 6.
1980 2940 2105 2985 min.
2127 2940 2234 2987 291⁷&
2255 2939 2325 2998 8.
2353 2940 2651 2983 Maximam

439 2999 550 3042 eius
569 2998 915 3043 Altitudinem
935 3011 968 3042 a
988 2998 1213 3042 Finitore
1233 2999 1408 3043 nostro
1430 3000 1528 3043 Die
1547 3000 1600 3043 21
1627 2999 1948 3043 Nouembris
1966 3000 2120 3044 Anno
2145 2999 2258 3043 1572
2276 2999 2479 3054 uesperi
2500 2998 2651 3043 Hora

438 3058 490 3104 7}
510 3058 622 3113 post
643 3059 938 3110 Meridiem,
967 3057 1019 3101 in
1043 3058 1249 3102 Circulo
1272 3059 1568 3102 Meridiano
1596 3059 2014 3111 obseruauimus,
2043 3059 2142 3103 esse
2168 3059 2226 3102 76
2244 3061 2379 3114 part.
2401 3058 2460 3102 34
2479 3058 2647 3113 scrup.

439 3116 719 3160 Minimam
733 3129 863 3161 uero
883 3117 937 3160 in
957 3117 1149 3161 eodem
1165 3117 1371 3161 Circulo
1388 3117 1538 3161 Hora
1556 3118 1634 3165 19}
1648 3118 1759 3162 fere
1771 3118 1884 3173 post
1899 3118 2178 3162 Meridiem
2190 3118 2249 3161 20
2262 3121 2396 3173 part.
2413 3117 2466 3164 9}
2479 3117 2647 3172 scrup.

437 3176 534 3219 Die
553 3177 581 3219 4
602 3177 828 3232 Ianuarij
851 3176 1086 3220 instantis
1099 3176 1235 3220 Anni
1254 3177 1382 3229 1573,
1405 3188 1564 3220 mane
1580 3177 1730 3221 Hora
1742 3177 1796 3224 4}
1811 3180 1933 3221 ante
1949 3177 2227 3222 Meridiem
2243 3177 2522 3220 minimam
2536 3176 2648 3220 eius

437 3236 826 3288 sublimitatem,
855 3239 1014 3290 atque
1042 3236 1234 3279 eodem
1262 3236 1360 3279 Die
1386 3236 1588 3291 uesperi
1613 3236 1764 3281 Hora
1783 3236 1837 3284 4}
1861 3237 1999 3281 forte
2023 3236 2137 3292 post
2161 3236 2455 3288 Meridiem,
2483 3235 2648 3279 maxi-

437 3306 585 3337 mam
613 3306 823 3349 quoque
852 3296 906 3338 in
932 3295 1139 3338 Circulo
1167 3295 1462 3339 Meridiano
1489 3296 1831 3340 Altitudinem
1860 3296 2052 3340 iterum
2084 3296 2327 3348 eandem,
2358 3307 2522 3350 quam
2548 3295 2646 3338 Die

434 3354 487 3396 21
521 3354 780 3398 Nouemb.
812 3355 965 3398 Anno
997 3354 1126 3407 1572,
1158 3354 1649 3409 depraehendimus„
1673 3355 1888 3398 Nullum
1918 3355 2196 3399 discrimen
2225 3355 2360 3398 inter
2387 3365 2576 3397 uerum
2604 3354 2645 3397 81

435 3416 780 3467 apparentem
807 3414 987 3457 locum
1010 3413 1165 3457 huius
1186 3413 1395 3466 Sideris,
1422 3413 1587 3457 fidem
1608 3413 1790 3458 facere
1809 3414 2033 3466 uidetur,
2062 3414 2206 3468 quod
2234 3413 2471 3457 maxima
2492 3413 2533 3456 81
2553 3413 2646 3456 mi-

2717 1142 2760 1178 10

2691 1426 2781 1470 536

2711 1607 2754 1642 15

2703 1998 2751 2034 20

2702 2295 2748 2330 25

2700 2591 2748 2627 30

2699 2888 2747 2923 35

2697 3183 2744 3218 40
