2976 4264
493 311 598 363 260
997 305 1606 359 ASTRONOMIAE
1633 305 2200 358 INSTAURATAE

493 450 739 504 MEVM
761 447 1349 508 REISACHERVM‚
1377 446 1594 499 harum
1614 446 2073 512 Disciplinarum
2093 450 2156 499 in
2175 448 2502 501 Academia
2521 448 2697 501 Vien-

493 522 670 582 06011,
699 520 1022 572 earundem
1043 518 1287 579 cultura,
1310 518 1413 570 diu
1431 518 1805 582 multumque
1827 518 2055 580 celebri,
2076 519 2472 572 Professorem:
2501 523 2603 585 qui
2623 521 2697 573 ab

494 595 658 645 initio
679 595 741 643 in
762 591 970 643 eadem
989 605 1141 655 pene
1162 596 1285 642 erat
1306 605 1441 641 cum
1461 589 1807 642 Hannibale
1828 590 2180 651 RaimundO,
2201 590 2499 653 sententia,
2520 591 2698 644 vnde-

492 667 707 716 cimam
719 662 987 713 videlicet
1000 661 1334 725 Cassiopeae‚
1349 663 1564 712 maiori
1577 660 1819 722 lumine,
1836 662 1910 713 ob
1925 661 2327 726 interpositum
2340 661 2502 715 aliud
2516 663 2699 727 quod-

492 736 630 788 dam
657 749 867 798 corpus
895 732 1279 797 diaphanum,
1306 731 1464 784 fuisse
1491 731 1848 784 illustratam.
1877 733 2060 797 quue
2086 739 2409 798 antequam
2435 734 2509 786 ob
2534 734 2698 787 clari-

490 812 670 858 tatem
697 805 910 865 Nouae,
940 803 1315 855 vndecimam
1344 803 1428 855 illi
1454 806 1729 864 vicinam,
1760 804 2082 856 discernere
2111 806 2305 870 posset:
2335 805 2532 869 postea
2555 821 2699 859 vero

490 893 552 929 re
572 876 783 928 melius
803 874 1112 940 perspecta,
1136 890 1396 927 errorem
1415 877 1738 937 reuocauit,
1762 882 1939 940 atque
1959 875 2207 941 seipsum
2227 878 2492 928 correxit.
2521 876 2700 940 Quod

490 955 550 1000 vt
575 950 901 1012 promptius
928 946 1323 1011 cognoscatur,
1351 946 1569 999 addam
1593 947 1837 1012 ipsamet
1856 946 2185 1000 Reisacheri
2204 947 2401 1008 verba,
2429 963 2502 1000 ex
2524 948 2699 1014 ipfius

491 1020 730 1083 Script0‚
753 1018 824 1070 de
844 1017 957 1070 hac
978 1018 1161 1069 Noua
1180 1017 1360 1070 Stella
1380 1018 1743 1083 deprompta.

561 1088 740 1130 Altera
767 1087 945 1141 opinio
972 1087 1045 1129 est
1071 1098 1275 1139 eorum,
1305 1087 1394 1141 qui
1420 1086 1636 1141 quidem
1658 1087 1799 1130 hanc
1821 1087 2191 1142 apparentiam
2212 1088 2374 1131 etiam
2393 1088 2447 1131 in
2466 1089 2699 1132 Elemen-

488 1147 591 1190 tari
619 1146 831 1202 regione
859 1148 1082 1201 ponunt:
1115 1146 1217 1189 Sed
1244 1146 1311 1189 ob
1339 1157 1602 1201 uaporem
1632 1147 1879 1201 aliquem,
1911 1147 2087 1190 Stellae
2115 1147 2271 1191 alicui
2297 1147 2338 1189 ἃ
2362 1147 2493 1190 uisui
2520 1148 2697 1192 nostro

489 1205 835 1258 interiectum,
857 1206 1036 1248 radios
1055 1205 1281 1249 uisuales
1302 1206 1699 1261 disgregantem,
1722 1206 2045 1261 Stellamque
2064 1206 2211 1250 illam
2227 1207 2316 1250 sub
2333 1206 2525 1251 maiori
2539 1220 2694 1262 quan-

489 1266 637 1309 titate
669 1265 1153 1320 repraesentantem,
1187 1265 1355 1320 ipsam
1385 1266 1591 1309 causari
1619 1266 1937 1310 existimant:
1973 1266 2123 1310 cuius
2156 1266 2431 1321 opinionis,
2465 1267 2506 1310 81
2539 1278 2635 1321 ego
2666 1279 2698 1310 a

490 1325 746 1381 principio
774 1336 938 1368 eram.
971 1324 1253 1379 Inspiciens
1280 1325 1420 1368 enim
1442 1326 1508 1368 de
1527 1325 1664 1369 illius
1685 1323 2057 1385 apparitio-nne
2083 1326 2278 1369 certior
2306 1325 2493 1378 factus,
2522 1326 2696 1381 primo
2729 1326 2815 1370 747

492 1386 710 1436 Caelum,
733 1385 774 1427 8ι
795 1385 864 1427 ad
883 1384 1038 1439 ipsius
1060 1385 1213 1427 litum
1234 1384 1406 1428 Globo
1426 1385 1796 1429 Astronomico
1818 1384 2010 1437 ered'to,
2039 1386 2080 1427 δι
2107 1386 2365 1440 disposito,
2393 1386 2699 1429 examinata

491 1444 667 1495 etiam,
696 1444 737 1486 81
764 1445 833 1487 ad
859 1444 1063 1487 Caelum
1090 1445 1286 1488 collata
1310 1444 1399 1487 illa
1424 1444 1829 1488 Asterismorum
1859 1445 2225 1498 delineatione,
2257 1445 2481 1499 qualiter
2504 1448 2621 1488 tum
2646 1446 2698 1489 in

492 1504 679 1556 Globo‚
718 1506 834 1546 tum
871 1503 924 1546 in
961 1503 1132 1558 planis
1172 1504 1484 1558 quibusdam
1525 1504 1925 1559 diagrammatis
1958 1517 1990 1548 a
2021 1505 2342 1559 praestantiss.
2376 1505 2696 1557 Artificibus‚

488 1563 723 1607 maxime
754 1566 935 1606 autern
964 1563 1031 1606 ab
1060 1564 1366 1607 Alexandro
1396 1563 1790 1607 Picolhomineo
1821 1564 2206 1608 Mathematico
2236 1576 2344 1608 non
2373 1564 2615 1617 obscuro,
2644 1565 2699 1608 in

490 1624 579 1666 suo
606 1623 693 1666 illo
721 1623 787 1665 de
813 1622 982 1666 Stellis
1010 1622 1145 1666 Fixis
1172 1623 1549 1678 cognoscendis
1576 1623 1911 1678 compendio,
1943 1624 2047 1667 fine
2072 1627 2255 1667 tamen
2281 1624 2578 1679 Imaginum
2604 1625 2699 1668 cir-

490 1682 895 1737 cumscriptione
926 1681 1132 1737 depid’ta
1162 1683 1249 1725 est.
1283 1682 1607 1737 Tetragonus
1636 1683 1721 1726 ille
1748 1683 1994 1726 constans
2025 1686 2254 1738 quatuor
2281 1683 2380 1727 illis
2409 1683 2594 1736 Stellis,
2629 1684 2698 1727 se-

490 1742 681 1794 cunda,
722 1745 927 1796 quarta,
972 1742 1259 1785 undecima
1298 1742 1338 1784 81
1377 1742 1698 1786 duodecima
1729 1742 1970 1798 imaginis
2002 1743 2303 1798 Cassiopeae‚
2342 1743 2697 1798 Tetragonum

487 1802 636 1845 illum
666 1802 932 1845 caelestem
963 1801 1179 1845 omnino
1208 1802 1590 1856 repraesentare
1619 1802 1914 1845 uidebatur.
1949 1803 2168 1846 Stellam
2198 1805 2377 1846 autem
2405 1802 2551 1845 illam
2583 1815 2697 1858 prae

488 1861 700 1916 reliquis
721 1861 971 1913 lucidam,
995 1873 1117 1904 eam
1139 1873 1260 1915 quae
1277 1873 1501 1906 numero
1515 1862 1817 1914 undecima,
1834 1862 1875 1904 81
1889 1862 2262 1917 magnitudinis
2277 1865 2482 1916 quartae
2496 1862 2549 1905 in
2562 1863 2698 1917 pede

490 1921 621 1964 sedis
645 1922 749 1963 fiue
770 1921 1051 1964 Cathedrae
1072 1921 1371 1975 Cassiopeae‚
1402 1934 1434 1964 a
1458 1922 1762 1974 Ptolemaeo,
1790 1921 2100 1976 Copernico‚
2129 1921 2349 1977 alijsque
2368 1922 2698 1966 Astronomis

488 1980 715 2035 ponitur,
744 1980 842 2023 esse
869 1980 1258 2024 existimabam:
1290 1980 1581 2038 (Stellulam
1608 1981 1749 2024 enim
1773 1981 1921 2024 illam
1947 1981 2290 2025 undecimam
2316 1984 2534 2036 propter
2558 1981 2697 2025 uisus

489 2040 595 2083 mei
621 2039 962 2092 debilitatem,
992 2040 1032 2081 82
1058 2039 1282 2083 fortassis
1309 2040 1483 2083 Stellae
1512 2040 1655 2083 istius
1683 2041 1952 2084 lucidioris
1982 2041 2331 2095 splendorem,
2362 2042 2543 2085 lumen
2571 2041 2698 2084 illud

490 2099 663 2142 minus
684 2099 1071 2151 obscurantem,
1092 2102 1207 2142 turn
1230 2099 1440 2143 seorfim
1459 2099 1641 2143 uidere
1660 2111 1768 2143 non
1782 2103 2043 2154 poteram,
2066 2111 2191 2143 cum
2204 2103 2387 2144 tamen
2401 2100 2563 2143 etiam
2577 2101 2697 2144 aliae

491 2162 696 2213 quartae
707 2158 1079 2213 magnitudinis
1089 2158 1281 2211 Stellae,
1299 2159 1419 2202 satis
1430 2159 1704 2202 manifeste
1716 2159 1845 2202 mihi
1858 2159 2188 2214 apparebant
2198 2160 2229 2215 z)
2243 2160 2506 2204 maiorem
2517 2163 2698 2204 autem

488 2219 654 2273 ipsam
682 2229 941 2273 apparere
966 2221 1184 2273 propter
1208 2218 1445 2261 medium
1473 2218 1816 2273 diaphanum,
1844 2230 2104 2274 uaporem
2124 2219 2370 2262 uidelicet
2388 2221 2473 2263 uel
2495 2219 2570 2275 (ut
2588 2220 2698 2262 Ari-

490 2278 697 2321 stoteles
726 2277 974 2333 loquitur)
1003 2277 1401 2321 concretionem
1432 2278 1667 2332 aliquam
1695 2278 1806 2333 ipso
1836 2280 1960 2321 aere
1986 2279 2297 2330 densiorem,
2327 2278 2487 2321 instar
2513 2282 2697 2323 tamen

487 2337 795 2394 (secundum
815 2349 996 2380 meam
1017 2337 1474 2394 Imaginationem)
1494 2337 1626 2380 Vitri
1645 2339 1730 2381 uel
1751 2337 1970 2381 Cristalli
1988 2338 2326 2392 pellucidam,
2350 2338 2480 2381 uisui
2500 2339 2694 2391 nostro,

489 2398 530 2440 81
550 2396 956 2451 praenominatae
976 2396 1152 2440 Stellae
1172 2396 1549 2451 interpositam,
1576 2397 1862 2451 radiosque
1888 2397 2079 2441 uifiuos
2103 2397 2505 2453 disgregantem:
2534 2398 2699 2453 Respi-

490 2468 610 2499 cere
640 2459 821 2499 autem
847 2456 888 2499 81
916 2456 1057 2510 sequi
1086 2456 1318 2508 Stellam,
1350 2457 1809 2511 quemadmodum
1836 2457 2056 2512 Magnes
2080 2457 2269 2500 Vrsam
2299 2457 2578 2509 minorem,
2611 2458 2697 2500 seu

489 2517 671 2559 Polum
691 2514 978 2567 Arc‘h'cum,
1007 2516 1136 2559 ficut
1159 2516 1384 2570 denique
1405 2516 1722 2560 Cichoreum
1743 2517 1784 2559 81
1806 2516 2212 2571 Heliotropium‚
2239 2517 2422 2560 herbae
2450 2516 2697 2560 omnibus

490 2575 731 2630 cognitae,
760 2574 939 2618 Solem
964 2574 1133 2630 ipsum
1158 2575 1439 2630 respiciunt
1459 2576 1500 2618 81
1521 2576 1819 2630 sequuntur.
1849 2576 2215 2620 Confirmabat
2239 2577 2379 2619 11000
2407 2588 2586 2620 meam
2611 2576 2698 2619 ali·

491 2647 596 2688 qua
616 2646 683 2677 ex
701 2637 852 2689 parte
874 2635 1199 2687 sententiam,
1223 2635 1518 2679 authoritas
1532 2635 1821 2679 Aristotelis
1834 2635 1921 2679 lib.
1943 2635 1960 2678 1
1982 2636 2201 2679 Meteor.
2219 2635 2459 2679 dicentis:
2484 2636 2697 2690 quando

489 2694 641 2749 igitur
666 2693 812 2736 iuxta
839 2694 1057 2737 Stellam
1084 2693 1225 2737 facsta
1252 2694 1409 2738 fuerit
1432 2695 1552 2738 talis
1579 2695 1868 2747 concretio,
1896 2696 2088 2738 eAdem
2113 2695 2315 2739 necesse
2340 2695 2414 2739 est
2440 2707 2699 2750 apparere

489 2753 700 2804 latione,
729 2754 769 2796 81
794 2754 1002 2797 moueri
1028 2754 1323 2806 Cometam,
1356 2766 1461 2808 qua
1489 2754 1704 2808 quidem
1730 2754 1896 2798 fertur
1924 2754 2098 2797 Stella.
2129 2755 2211 2797 An
2244 2757 2424 2798 autem
2455 2755 2545 2798 illa
2577 2766 2699 2799 000-

490 2812 654 2856 cretio
669 2812 825 2855 fuerit
837 2813 1064 2866 incensa,
1086 2813 1138 2856 in
1155 2813 1338 2868 primis
1353 2813 1569 2867 quidem
1584 2813 1912 2857 dubitabam.
1935 2814 2202 2857 Sententia
2217 2817 2398 2858 autern
2411 2814 2698 2858 Aristotelis

491 2872 781 2926 diligentius
797 2872 1117 2925 examinata,
1140 2874 1181 2915 8ι
1201 2872 1486 2927 perspecsta,
1510 2873 1790 2916 Cometam
1805 2873 2020 2928 quidem
2036 2874 2123 2916 sed
2135 2874 2316 2926 talem,
2339 2875 2552 2928 qualem
2566 2885 2699 2929 prae-

491 2931 651 2974 citato
672 2933 792 2975 loco
815 2932 1058 2975 describit
1078 2932 1395 2984 Aristoteles,
1424 2945 1456 2975 a
1483 2932 1823 2976 concretione
1848 2932 2109 2985 uidelicet,
2136 2934 2222 2976 uel
2248 2933 2584 2977 exhalatione
2611 2933 2698 2976 ali-

491 3002 595 3044 qua
616 2991 791 3034 Stellae
810 2991 1216 3045 praenominatae
1238 2991 1498 3044 subiecstae,
1527 2992 1834 3044 caussatum,
1861 2992 2002 3035 hanc
2024 2992 2393 3047 apparentiam
2413 2992 2512 3036 esse
2532 2993 2573 3035 81
2594 2992 2697 3035 dici

490 3050 645 3103 posse,
667 3050 980 3094 rationabile
1000 3051 1294 3094 uidebatur.
1318 3051 1584 3095 Caeterum
1604 3063 1728 3094 curn
1747 3052 1967 3095 tandem
1982 3063 2048 3094 ex
2063 3051 2176 3106 alijs
2191 3051 2415 3095 acutiori
2434 3051 2545 3094 uisu
2565 3063 2698 3106 prae-

492 3108 609 3151 ditis
640 3108 1013 3162 intellexissem,
1054 3110 1327 3154 Stellulam
1358 3111 1505 3153 illam
1537 3123 1766 3165 paruam
1798 3111 2010 3154 seorsim
2042 3122 2325 3165 apparere:
2366 3111 2696 3166 Ipsemetque

492 3168 643 3219 adeo,
672 3168 832 3211 Stella
857 3169 945 3211 illa
972 3170 1012 3211 81
1039 3170 1331 3223 quantitate
1352 3171 1393 3213 8ι
1415 3171 1688 3224 splendore
1714 3170 1921 3214 minore
1943 3169 2054 3213 iam
2072 3168 2230 3223 facfta,
2258 3170 2370 3213 uisu
2390 3170 2457 3213 ab
2481 3170 2583 3213 alia
2604 3170 2696 3213 dis-

492 3238 708 3270 cernere
734 3227 889 3271 facile
915 3231 1180 3283 poteram:
1215 3241 1341 3272 cum
1366 3229 1419 3272 in
1445 3230 1646 3273 eodem»
1662 3229 1751 3273 illo
1778 3230 1899 3273 1000
1926 3230 2070 3272 00110
2097 3229 2200 3272 0110
2227 3229 2388 3272 Stella
2415 3229 2696 3284 separatim

492 3286 558 3328 ab
574 3286 901 3330 Astronomis
921 3288 1147 3341 ponitur,
1171 3289 1211 3330 81
1230 3300 1327 3343 per
1346 3289 1671 3343 consequens
1691 3290 1833 3332 nulla
1854 3288 2109 3332 eiusmodi
2126 3289 2510 3343 transparentia
2529 3290 2605 3346 (ut
2623 3289 2696 3331 ita

492 3344 688 3401 dicam)
707 3346 845 3388 uisus
866 3347 1184 3390 maioratiua
1205 3347 1426 3391 caussari
1446 3349 1629 3403 potest,
1651 3348 1817 3402 ipsam
1839 3348 2051 3402 quidem
2070 3348 2288 3391 Stellam
2310 3347 2469 3391 aliam
2490 3348 2530 3390 81
2551 3360 2695 3402 pere-

491 3404 695 3458 grinam
717 3405 949 3457 existere,
979 3405 1236 3449 adductus
1257 3407 1578 3462 argumentis
1598 3407 1937 3462 postmodum
1958 3407 2208 3459 dicendis,
2238 3418 2344 3450 non
2364 3407 2692 3450 dubitabam.

2309 3469 2692 3534 Argumenta,

2751 1394 2793 1429 15

2746 1691 2793 1726 20

2747 1989 2793 2024 25

2745 2285 2793 2321 30

2744 3177 2791 3212 45
