2976 4264
177 991 220 1026 10

177 1289 219 1324 15

172 1597 218 1632 20

171 1966 217 2000 25

170 2677 216 2712 35

170 3032 218 3067 40

147 3166 229 3210 601

171 3387 217 3421 45

645 306 1525 359 PROGYMNASMATUM
1551 305 1866 357 TERTIA
1892 304 2096 356 PARS
2396 304 2475 356 115

268 459 393 491 nem
408 448 466 490 111
480 447 774 491 constituta.
799 447 981 501 Neque
995 447 1152 490 facile
1165 447 1433 502 possumus
1448 446 1756 498 asseuerare,
1773 446 2054 490 condidisse
2069 447 2244 490 Deum
2259 447 2475 491 Stellam

270 508 506 562 aliquam
525 510 813 558 recentem,
836 518 960 550 cum
980 507 1086 549 tale
1107 506 1232 561 quid
1253 519 1286 549 a
1306 506 1507 549 mundo
1529 506 1744 549 condito
1764 517 1873 548 non
1892 506 1950 548 fit
1971 506 2225 549 auditum.
2253 507 2474 559 Adhaec‚

270 567 446 610 nostro
471 566 681 618 iudicio,
710 565 821 609 eius
842 566 1188 621 magnitudini
1213 566 1254 608 ἃ
1281 565 1448 609 601011
1474 565 1858 619 aliquantulum
1884 565 2143 619 paulatim
2169 565 2391 618 decedit,
2419 570 2477 610 ut

268 625 547 669 uerisimile
572 625 831 677 uideatur,
860 626 1003 679 quod
1024 625 1174 668 breui
1192 625 1356 668 finem
1377 626 1435 667 lit
1453 625 1716 668 habitura.
1746 624 2017 676 Quantum
2037 625 2213 679 itaque
2234 637 2332 669 nos
2351 626 2477 669 iudi-

269 697 395 729 care
413 685 709 736 ualeamus,
732 685 971 728 censetur
990 685 1143 727 nobis
1159 684 1352 739 insigne
1367 684 1640 738 quoddam
1654 683 1990 736 miraculum,
2012 685 2053 726 81
2075 685 2289 739 quidem
2308 698 2476 729 unum

269 756 336 788 ex
355 755 544 788 eorum
563 755 806 795 numero,
834 756 957 798 quae
976 743 1310 787 nouissimum
1331 743 1471 787 diem
1493 743 1808 798 praecessura
1833 743 1961 786 sunt.
1988 744 2065 786 Ex
2085 755 2190 798 quo
2212 745 2353 787 enim
2374 746 2477 788 Do-

269 803 443 847 minus
463 804 608 847 Deus
627 804 860 858 primum
879 803 968 858 filij
993 803 1065 845 sui
1085 803 1301 846 Domini
1319 803 1479 846 nostri
1493 802 1677 845 Christi
1696 803 1987 846 aduentum
2008 806 2130 846 ante
2150 815 2245 858 per
2258 804 2476 847 Stellam

269 863 560 918 significari,
584 863 852 918 Magisque
873 862 1184 906 annunciari
1202 863 1385 914 uoluit,
1409 862 1680 917 speramus
1699 862 1848 905 illum
1867 874 1962 917 per
1980 862 2120 906 hanc
2140 875 2350 918 quoque
2364 865 2476 907 ulti-

269 934 420 965 mum
453 923 744 966 aduentum
776 921 992 965 Domini
1024 921 1206 965 Christi
1236 921 1731 976 praenuntiaturum.
1766 922 1869 965 Sed
1901 922 1960 964 fit
1991 923 2475 978 quomodocunque

268 982 408 1034 uelit,
425 981 748 1036 experientia
761 980 975 1024 docebit
989 980 1261 1036 quippiam
1276 981 1571 1024 admodum
1585 980 1817 1024 notabile
1834 981 2244 1025 subsecuturum.
2265 983 2476 1026 Curaui-

269 1053 389 1084 mus
414 1041 578 1084 etiam
602 1052 698 1095 per
724 1040 1136 1084 Mathematicos
1165 1041 1371 1084 nostros
1398 1040 1669 1095 diligenter
1697 1039 1901 1094 inquiri,
1931 1041 2001 1092 hi,
2031 1041 2085 1084 in
2114 1041 2362 1085 omnibus
2391 1043 2476 1086 de-

269 1100 634 1155 scriptionibus
663 1100 1022 1151 Cometarum,
1053 1100 1142 1154 qui
1171 1113 1204 1143 a
1233 1099 1433 1142 Christo
1462 1102 1589 1142 nato
1620 1103 1995 1154 apparuerunt,
2028 1101 2246 1153 nullum,
2280 1105 2476 1156 praeter

267 1159 484 1203 unicam
510 1159 766 1202 eiusmodi
790 1159 1009 1202 Stellam
1035 1159 1285 1211 lucidam,
1313 1171 1540 1213 eamque
1560 1159 1713 1202 Anno
1742 1159 1917 1202 salutis
1942 1159 2045 1202 389.
2074 1160 2256 1204 fulfisse
2280 1162 2475 1205 inueni-

267 1222 382 1262 unt:
406 1231 570 1274 quam
589 1218 809 1273 irruptio
825 1218 1124 1261 Gothorum
1139 1219 1179 1260 8ι
1196 1219 1378 1262 Romae
1391 1230 1487 1272 per
1500 1218 1771 1261 Alaricum
1792 1218 2070 1262 destructio
2092 1220 2365 1264 subsecuta
2385 1221 2471 1265 est.

269 1278 425 1330 Quod
444 1279 481 1321 fi
501 1278 542 1320 81
562 1278 681 1321 1186
708 1277 869 1320 Stella
894 1277 1142 1320 Gentium
1167 1278 1541 1332 Scythicarum
1566 1277 1882 1332 irruptiones
1907 1280 2247 1332 portenderit,
2276 1292 2342 1323 ex
2369 1293 2473 1335 quo

268 1337 558 1381 Moscouiae
578 1338 652 1381 est
669 1336 951 1388 uerticalis,
973 1337 1014 1380 ἃ
1036 1341 1320 1391 propterea
1338 1337 1486 1380 iuxta
1499 1337 1896 1392 Astrologorum
1916 1338 2113 1392 placita
2131 1339 2185 1381 in
2203 1339 2302 1382 illis
2321 1341 2474 1384 terris

266 1397 584 1452 potissimum
603 1395 743 1439 uires
764 1396 882 1439 suas
902 1399 1100 1448 exerat,
1121 1396 1426 1439 uiderentur
1444 1396 1564 1440 haec
1587 1397 1654 1439 ab
1674 1396 1735 1452 ijS
1757 1408 1878 1450 quae
1892 1401 2142 1452 geruntur
2154 1398 2208 1441 in
2221 1398 2474 1443 electione

266 1456 529 1508 Polonica‚
558 1456 599 1498 81
625 1458 884 1510 quantum
910 1456 980 1498 ad
1003 1456 1235 1499 Turcam
1262 1456 1460 1507 attinet,
1487 1467 1595 1498 non
1621 1455 1954 1500 dissentanea.
1984 1457 2138 1509 Quod
2163 1461 2346 1501 tamen
2372 1460 2475 1503 Do-

268 1516 442 1559 minus
462 1516 606 1559 Deus
626 1516 917 1559 clementer
936 1518 1145 1559 auertat
1165 1518 1323 1569 atque
1342 1515 1612 1570 impediat.

1626 1586 1960 1630 WILHELMUS
1982 1587 2355 1690 LAli-xJIDGRAums

2103 1659 2276 1690 AssuE.

338 1732 458 1784 Hae
477 1731 715 1783 fuerunt
734 1734 943 1796 primae
962 1731 1148 1783 literae
1169 1730 1428 1783 Illustriss.
1444 1731 1727 1795 Principis
1748 1731 2249 1784 LANDGRAVII
2270 1734 2341 1785 de
2361 1734 2474 1786 1136

266 1803 446 1856 Stella
465 1803 541 1855 ad
562 1803 777 1855 Clariss.
798 1802 1228 1855 PEVCERVM
1253 1802 1599 1867 perscriptae,
1626 1802 1825 1854 addita
1849 1809 2013 1866 parte
2035 1804 2302 1868 Epistolae
2330 1806 2473 1857 eius-

267 1874 402 1926 dem
429 1875 712 1939 Principis
742 1874 818 1927 ad
847 1874 1105 1926 Illustriss.
1137 1874 1370 1926 Ducem
1402 1873 1680 1926 Saxoniae
1709 1873 2167 1936 AVGVSTVM,
2201 1878 2304 1940 qui
2334 1883 2474 1929 tunc

265 1948 545 2010 temporis
565 1943 962 1998 Elecioratum
982 1945 1344 1998 Saxonicum
1365 1944 1417 1996 &
1437 1944 1795 1996 Misnensem
1818 1945 2269 2008 administrabat,
2297 1954 2473 2012 atque

266 2017 709 2082 Landgrauium
728 2017 800 2069 de
820 2016 933 2069 hac
951 2016 1146 2078 Stella,
1167 2019 1427 2082 primum
1447 2015 1993 2069 commonefecerat.
2016 2017 2255 2070 Harum
2275 2022 2473 2083 itaque

266 2094 542 2140 contenta
560 2104 720 2140 1111116
741 2088 1157 2140 confideratius
1177 2087 1662 2152 introspiciamus

249 2216 252 2217 ⁷
338 2159 516 2223 Quod
536 2159 796 2212 11111111113.
817 2160 1094 2225 Princeps
1109 2159 1602 2211 WILHELMVS
1623 2159 1697 2211 ab
1717 2161 1885 2211 initio
1906 2159 2149 2212 Stellam
2168 2160 2324 2213 113116
2345 2162 2472 2214 Me-

264 2237 474 2283 teoron
495 2238 683 2292 vocat,
711 2231 770 2283 id
794 2230 942 2283 forte
969 2233 1297 2282 imitatione
1323 2228 1585 2295 praedid‘ti
1606 2230 1884 2283 Saxoniae
1906 2231 2092 2283 Ducis
2111 2233 2354 2297 Augusti
2374 2234 2472 2285 ad-

265 2304 452 2354 mittit.
475 2302 637 2355 Nam
649 2302 845 2366 postea
857 2302 1097 2367 ipsemet
1111 2302 1375 2367 disputat,
1395 2318 1521 2354 non
1539 2303 1642 2354 esse
1658 2302 1988 2364 Cometam,
2009 2303 2232 2355 nedum
2247 2304 2472 2356 Meteo-

265 2389 377 2425 ron
396 2373 639 2438 aliquod
658 2373 989 2426 sublunare.

336 2445 563 2497 Locum
582 2445 794 2506 816118,
822 2461 1002 2510 quem
1025 2460 1168 2497 mox
1193 2444 1449 2509 praefinit
1473 2446 1536 2496 in
1559 2445 1623 2498 7}
1648 2446 1705 2504 {3²
1732 2444 1784 2495 &
1807 2444 2139 2496 Latitudine
2160 2446 2260 2501 53}
2278 2446 2473 2510 postea

265 2515 704 2580 aliquantulum
718 2517 1007 2568 emendat.
1023 2515 1306 2568 Abundat
1320 2522 1522 2567 autem
1535 2515 1609 2567 ab
1626 2514 1828 2568 exacto
1843 2515 2038 2567 816118
2053 2516 2159 2567 11111
2175 2516 2305 2568 1186
2319 2518 2471 2569 Lon-

265 2587 464 2652 gitudo
476 2594 688 2651 quarta
697 2590 965 2652 proxime
977 2587 1190 2652 gradus
1200 2593 1382 2651 parte.
1398 2587 1670 2638 Latitudo
1685 2586 1878 2638 deficit
1892 2589 2088 2651 quinis
2101 2587 2471 2640 solummodo

265 2657 564 2722 scrupulis,
585 2665 644 2710 vt
665 2658 979 2710 collatione
1000 2674 1137 2709 cum
1156 2658 1360 2709 nostris
1380 2660 1638 2709 inuentis
1658 2655 1812 2709 13613
1829 2657 2078 2722 patescit.

338 2728 549 2781 81611136
570 2732 748 2781 6113111
762 2729 1004 2782 Stellam
1020 2728 1387 2781 immobilem
1399 2728 1742 2793 semperque
1755 2731 1819 2780 in
1830 2729 2040 2781 eodem
2053 2729 2185 2782 loco
2199 2745 2470 2794 perman-

265 2799 394 2860 fisse,
416 2798 568 2852 16616
589 2801 786 2852 3136111.

338 2870 492 2934 Quae
521 2887 663 2923 vero
693 2872 764 2923 de
794 2871 1170 2937 Hieronymo
1199 2870 1556 2923 Fracastorio
1586 2878 2027 2931 commemorat,
2060 2871 2229 2924 illum
2258 2872 2470 2925 senfisse

266 2941 498 3006 aliquas
513 2943 616 2994 esse
631 2942 855 3003 StellaS,
878 2958 1013 3006 quae
1033 2958 1472 3006 nonnunquam
1490 2948 1688 2994 centro
1706 2943 1914 2994 mundi
1928 2946 2470 3008 appropinquantes

265 3011 602 3078 spectabiles
621 3013 956 3074 reddantur,
980 3013 1236 3078 hincque
1257 3013 1452 3065 rursus
1472 3013 1808 3065 recedentes
1828 3013 2173 3078 dispareant,
2201 3015 2303 3067 ista
2321 3015 2471 3067 nihil

266 3084 429 3137 aliud
457 3084 588 3136 sunt
617 3084 721 3148 (vti
749 3085 987 3148 ipsemet
1012 3085 1287 3149 Princeps
1316 3084 1388 3136 de
1414 3083 1507 3136 his
1533 3082 1685 3136 recte
1710 3087 2064 3149 pronunciat
2090 3085 2142 3137 &
2168 3086 2468 3151 dijndicat)

267 3171 449 3220 quam
473 3171 640 3208 mera
663 3155 892 3207 somnia
918 3151 938 3223 ΙΙ
966 3155 1019 3208 81
1044 3158 1278 3207 1181118.
1307 3155 1457 3219 Quis
1484 3159 1643 3207 enim
1662 3162 1745 3207 tot
1765 3156 2065 3208 Mundani
2091 3160 2210 3209 8111
2235 3165 2468 3222 praeter-

265 3226 436 3291 lapfis
449 3226 654 3279 seculis
668 3226 838 3279 hasce
853 3226 1061 3279 Stellas
1075 3226 1448 3279 ascendentes
1463 3233 1566 3279 aut
1579 3227 1990 3279 descendentes
2003 3244 2269 3292 vnquam
2282 3232 2468 3280 anim-

266 3298 532 3359 aduertit,
563 3304 665 3350 aut
692 3313 811 3362 quo
840 3298 1037 3362 quaeso
1067 3304 1234 3349 motu
1259 3298 1318 3349 id
1344 3297 1544 3350 fieret?
1574 3297 1782 3351 Rectus
1809 3301 1969 3350 enim
1995 3300 2318 3351 coelestibus
2345 3316 2469 3352 non

254 3371 564 3433 competit:
599 3369 919 3422 Circularis
951 3368 1158 3421 Stellas
1189 3369 1319 3421 istas
1350 3375 1472 3422 tam
1505 3369 1607 3421 diu
1638 3369 1836 3429 latere,
1869 3376 1971 3422 aut
2002 3371 2235 3423 modico
2267 3371 2468 3423 saltem

413 3450 478 3486 1⁵*
2205 3448 2467 3507 tempore
