2976 4264
983 322 1775 377 PROGYMNASMATA
2396 327 2487 379 315

284 470 470 532 capite
496 467 814 532 praesertim
840 467 1126 533 trigesimo
1151 464 1380 525 oclauo,
1409 465 1460 517 8(
1486 465 1761 530 sequente
1781 465 1845 518 fit
1864 470 2087 519 mentio
2115 468 2194 531 (et
2214 468 2289 520 ad
2310 485 2488 534 quem

206 544 234 587 1·
284 539 482 592 Esaias
503 541 682 591 etiam
702 554 827 603 cap.
849 539 905 591 17
927 545 981 591 et
1001 539 1086 591 56.
1115 539 1185 590 Et
1204 536 1476 590 Micheas
1498 553 1622 602 cap.
1644 538 1693 590 5.
1715 544 1779 590 ut
1798 537 1923 590 vult
1944 538 2239 603 Castellio)
2264 539 2487 600 alludit,

283 610 335 662 &
349 613 451 675 qui
462 625 586 662 una
597 625 734 662 cum
741 610 1001 675 Magogo
1012 612 1075 661 in
1082 607 1435 674 Apocalypfi
1448 624 1573 673 cap.
1582 608 1667 661 20.
1683 611 2041 671 nominatur,
2056 626 2160 675 per
2174 611 2488 663 Moschum

283 697 407 734 non
426 683 780 733 inconcinne
800 681 1154 746 intelligitur,
1175 687 1350 745 prout
1368 679 1527 731 idem
1547 679 1820 732 Castellio
1840 683 1903 732 in
1923 683 2090 733 im‘tio
2111 698 2235 747 cap.
2257 683 2327 735 38
2348 682 2400 734 8(
2418 684 2489 736 39

211 770 234 805 5
283 752 608 805 Ezechielis
632 754 1046 816 interpretatus
1073 751 1164 812 est,
1196 751 1331 817 Gog
1359 750 1656 803 summum
1681 751 2066 804 Moschorum
2092 759 2269 818 atque
2295 754 2487 807 Ibero-

282 840 417 877 rum
437 822 754 884 ductorem,
775 838 883 888 pro
905 839 976 875 eo
997 823 1157 888 quod
1177 829 1343 875 vetus
1363 822 1547 874 verfio
1567 821 1744 875 habet
1763 822 2028 875 futurum
2048 824 2376 890 Principem
2397 842 2488 879 ca-

282 898 416 960 pitis
436 893 686 947 Mosoch
707 901 762 946 et
774 893 1026 947 Thubal.
1049 895 1210 947 Nam
1230 910 1367 947 cum
1387 896 1450 945 in
1470 894 1733 946 Hebraeo
1753 894 1978 960 legatur
1993 895 2232 948 Mesech
2250 904 2304 949 et
2320 897 2486 950 Grae-

283 982 386 1019 cus
405 974 583 1031 atque
604 966 848 1018 Latinus
869 968 1153 1030 interpres
1174 965 1423 1017 Mosoch
1443 965 1710 1026 dixerint,
1735 965 2096 1030 probabilius
2117 967 2334 1020 censuit
2354 969 2487 1021 Mo-

282 1037 448 1090 schos
467 1036 796 1103 significari3
819 1052 955 1089 cum
975 1053 1197 1089 nomen
1215 1037 1348 1089 satis
1368 1042 1502 1101 apte
1523 1039 1857 1098 conueniat,
1879 1037 1931 1089 8(
1950 1037 2009 1089 id
2024 1054 2160 1090 cum
2174 1039 2354 1091 Iberis
2367 1046 2490 1092 tam

193 1126 234 1161 ιο
283 1109 376 1161 his
396 1108 698 1174 capitibuS,
720 1124 903 1173 quam
923 1111 1110 1173 capite
1130 1109 1200 1161 27
1220 1110 1626 1173 conjungatur,
1653 1108 1756 1160 ubi
1781 1108 1854 1160 fic
1874 1108 2082 1174 legitur
2101 1127 2154 1162 v.
2176 1110 2248 1162 13.
2272 1111 2487 1173 Graeci,

283 1181 450 1242 Iberi,
469 1178 700 1232 Moschi
715 1179 815 1232 &c.
839 1179 1017 1243 Quod
1032 1186 1232 1232 autem
1247 1182 1493 1244 antiqua
1506 1178 1690 1230 verfio
1704 1195 1812 1244 pro
1827 1180 2006 1232 Iberis
2020 1180 2240 1246 ubique
2254 1181 2490 1235 Thubal

282 1251 475 1312 habet,
492 1266 594 1303 eos
607 1251 760 1316 ipsos
775 1252 878 1303 esse
890 1251 1105 1311 IberOS,
1121 1250 1380 1303 Moschis
1391 1253 1454 1302 in
1466 1250 1722 1315 Regione
1730 1250 2133 1304 Themischira
2146 1252 2490 1318 conjunctos

187 1327 216 1371 *r
284 1339 357 1376 ex
377 1322 624 1388 Iosepho
645 1322 949 1387 colligitur,
971 1324 1074 1387 qui
1093 1322 1167 1374 fic
1187 1322 1396 1387 Capite
1410 1323 1460 1374 7.
1482 1321 1625 1373 dum
1641 1321 1928 1374 Gentium
1948 1338 1986 1375 a
2004 1323 2119 1375 suis
2132 1322 2489 1377 Auctoribus

281 1397 768 1460 propagationem
800 1400 1123 1455 enumerat,
1156 1393 1350 1445 refert:
1385 1392 1437 1444 8(
1468 1392 1769 1445 Thobelus
1797 1393 2059 1446 Thibelis
2089 1395 2283 1448 sedem
2315 1396 2487 1457 dedit,

190 1484 232 1518 15
281 1468 383 1531 qui
403 1481 564 1518 nunc
582 1465 713 1518 sunt
732 1465 898 1517 Iberi.
920 1465 1144 1517 Ibidem
1165 1467 1344 1517 etiam
1363 1463 1566 1516 diserte
1586 1466 1688 1525 ait;
1711 1480 1813 1516 eos
1834 1467 1936 1530 qui
1956 1466 2187 1532 Scythae
2205 1483 2243 1519 a
2260 1467 2488 1520 Graecis

279 1537 660 1598 vocabantur,
693 1536 982 1602 Magogas
1011 1552 1049 1588 a
1077 1536 1333 1601 Magoge
1364 1535 1520 1588 fuisse
1553 1535 1989 1589 denominatos:
2024 1553 2278 1602 quarum
2311 1542 2488 1591 etiam

281 1609 460 1675 Regio
482 1607 852 1661 Moschouiae
874 1607 950 1660 est
968 1610 1180 1668 vicina,
1206 1607 1302 1659 vel
1327 1610 1523 1671 potius
1547 1606 1650 1659 sub
1676 1607 1789 1660 hoc
1813 1611 2055 1660 nomine
2075 1615 2230 1661 totus
2249 1609 2348 1662 ille
2367 1610 2487 1675 sep-

279 1679 647 1733 tentrionalis
672 1677 889 1732 tractus
908 1678 1106 1731 versus
1132 1684 1328 1730 ortum
1352 1678 1405 1731 8(
1426 1678 1896 1743 septentrionem,
1924 1695 2103 1744 quem
2122 1681 2326 1742 Russia,
2346 1681 2486 1734 Tar-

280 1754 446 1812 taria,
480 1750 533 1803 8(
563 1753 764 1816 magni
797 1750 1017 1803 Chami
1049 1750 1300 1802 ditiones
1331 1749 1657 1810 includunt,
1691 1750 2280 1815 comprehendendus
2312 1756 2487 1806 venit.

185 1841 232 1876 20
281 1823 446 1888 Quin
477 1822 529 1875 8(
562 1828 760 1887 aperte
793 1821 970 1874 habet
999 1821 1323 1874 Ezechielis
1354 1827 1562 1882 textuS‚
1596 1822 1756 1885 quod
1787 1821 1993 1887 Gogus
2021 1823 2406 1876 Moschorum
2435 1825 2488 1876 8(

281 1895 587 1948 Iberorum
617 1893 724 1957 (uti
753 1891 973 1946 dicium
1002 1892 1099 1957 est)
1129 1892 1392 1944 summus
1419 1891 1638 1953 ducior,
1669 1909 1701 1945 e
1729 1893 2164 1957 septentrionali
2192 1895 2366 1960 plaga
2391 1912 2487 1947 ex-

162 1976 242 2019 811
280 1964 514 2027 tractu&
534 1968 598 2017 in
611 1960 632 2034 ΙΙ
646 1971 878 2017 montes
893 1964 1234 2017 Israeliticos
1247 1963 1311 2016 fit
1324 1963 1729 2025 adducendus;
1750 1965 1920 2017 Vnde
1938 1981 2011 2017 ex
2027 1966 2142 2018 illis
2161 1966 2322 2027 lociS,
2345 1983 2487 2031 quo-

279 2053 413 2090 rum
440 2039 644 2090 vertici
672 2036 851 2090 Stella
882 2036 1244 2097 imminebat,
1277 2035 1597 2101 praesertim
1629 2043 1830 2088 autem
1862 2052 1935 2088 ex
1966 2037 2088 2102 ipsa
2117 2037 2486 2099 Moschouia,

279 2124 416 2174 quae
444 2124 569 2160 non
596 2108 787 2160 solum
813 2107 1135 2160 secundum
1163 2107 1550 2167 latitudinem,
1579 2106 1676 2159 sed
1702 2114 1758 2159 et
1782 2107 2227 2173 longitudinem,
2257 2112 2485 2162 ratione

185 2198 230 2233 25
281 2179 631 2241 Occidentis,
664 2179 907 2232 Stellam
937 2181 1000 2231 in
1031 2178 1367 2231 Nouilunio
1400 2181 1555 2230 circa
1586 2181 1713 2244 eJ'us
1745 2182 2006 2244 primum
2038 2187 2309 2232 exortum
2341 2181 2486 2233 cele-

279 2252 464 2312 brato,
490 2254 554 2303 in
578 2250 700 2316 ipso
721 2250 935 2303 Zenith
961 2250 1196 2316 aspexit.
1224 2249 1433 2302 Multis
1459 2252 1659 2314 itaque
1686 2251 1916 2316 indicijs
1941 2251 2250 2304 verifimile
2277 2253 2486 2312 evadit,

282 2321 698 2375 Moschouiam
727 2337 833 2387 per
863 2321 1019 2374 hanc
1052 2321 1295 2374 Stellam
1325 2321 1722 2386 principaliter
1754 2325 1962 2384 notari,
1999 2323 2268 2387 adeoque
2300 2323 2488 2388 ipsum

283 2394 524 2460 Gogum
549 2393 935 2446 Moschorum
961 2391 1264 2446 ductorem
1289 2408 1326 2445 a
1351 2392 1657 2457 Prophetis
1678 2392 1730 2444 &
1749 2394 2101 2459 Apocalypsi
2126 2393 2486 2459 praedidium,

282 2468 386 2531 qui
404 2463 639 2531 peracta
657 2467 721 2517 in
740 2465 970 2530 reliqua
983 2465 1239 2529 Europae
1259 2470 1422 2528 parte
1443 2465 1660 2529 magna
1679 2464 1874 2530 strage,
1896 2465 2135 2517 tandem
2150 2465 2332 2530 &ipse
2352 2482 2487 2517 cum

186 2554 233 2589 30
280 2537 397 2589 suis
412 2538 595 2602 copijs
610 2535 968 2597 conficietur,
989 2536 1181 2600 licque
1194 2534 1379 2587 Terra
1392 2535 1466 2587 ab
1480 2535 1689 2587 incolis
1703 2536 1987 2600 peruerfis
2000 2536 2309 2588 leuabitur.
2324 2537 2486 2588 Veri-

280 2608 462 2660 simile
484 2610 645 2659 enim
665 2607 756 2669 est,
778 2614 1047 2672 oportere
1068 2613 1391 2671 antequam
1409 2605 1724 2670 pacificum
1744 2606 1797 2658 8(
1815 2607 2065 2659 salutare
2085 2607 2247 2669 illud,
2275 2607 2346 2659 de
2368 2624 2487 2672 quo

281 2680 537 2732 diximus
551 2694 589 2731 a
601 2678 907 2743 Prophetis
921 2684 1098 2730 antea
1111 2677 1487 2729 decantatum
1500 2676 1762 2730 seculum
1774 2680 2019 2743 ingruet,
2040 2694 2319 2744 magnam
2339 2694 2486 2743 prae-

281 2751 487 2803 cedere
513 2752 921 2815 impuritatum
947 2749 1000 2801 8(
1027 2748 1436 2800 confufionum
1461 2748 1811 2800 terrestrium
1836 2748 2284 2802 defaecationem
2310 2756 2486 2814 atque

282 2821 768 2886 exstirpationem.
798 2820 952 2884 Quae
973 2822 1178 2872 omnia
1199 2818 1611 2884 particularius
1632 2820 1940 2885 explicare,
1968 2827 2144 2886 atque
2166 2837 2286 2885 quo
2306 2821 2486 2873 modo

186 2911 232 2945 35
282 2893 334 2945 8(
354 2893 560 2945 ordine
579 2891 635 2944 se
656 2891 1033 2952 exhibebunt,
1055 2897 1219 2943 extra
1234 2890 1565 2942 humanam
1579 2891 2003 2956 praescientiam
2016 2899 2192 2957 atque
2207 2892 2486 2958 dijudica-

279 2967 505 3016 tionem
524 2963 774 3028 pofitum
793 2962 1057 3015 arbitror.
1080 2962 1209 3014 Nos
1227 2961 1430 3014 saltem
1445 2961 1516 3013 de
1534 2961 1642 3023 his,
1664 2963 1885 3015 nostras
1900 2963 2335 3028 qualescunque
2351 2979 2486 3016 con-

276 3033 532 3101 jecturas
562 3034 821 3100 generali
854 3033 1115 3098 quadam
1146 3032 1502 3085 indicatione
1534 3034 1794 3098 proferre
1822 3034 2143 3095 voluimus;
2176 3035 2486 3099 particula-

282 3109 441 3158 riora
461 3112 516 3158 et
535 3106 806 3158 ordinem
826 3120 945 3169 quo
965 3104 1020 3156 se
1040 3103 1264 3169 lingula
1283 3103 1677 3168 insequentur,
1699 3112 1948 3158 euentus
1968 3106 2085 3171 ipse
2106 3105 2349 3158 docebit.

353 3177 552 3238 Porr0‚
569 3179 855 3241 quoniam
868 3182 1035 3228 vetus
1050 3174 1351 3240 quoddam
1365 3174 1602 3241 Sibyllae
1614 3176 1939 3229 Tiburtinae
1950 3179 2311 3238 vaticinium,
2328 3178 2487 3242 quod

189 3266 234 3300 40
282 3250 346 3300 in
371 3249 760 3312 antiquissimo
785 3262 1082 3299 marmore
1102 3247 1325 3298 Latinis
1352 3252 1407 3298 et
1431 3248 1663 3300 vetustis
1684 3246 2137 3301 Charac'teribus
2163 3249 2322 3314 apud
2342 3248 2485 3301 Hel-

283 3322 472 3371 uetios
492 3322 556 3370 in
568 3318 751 3371 Tauri
770 3321 987 3370 montis
1001 3317 1312 3370 visceribus
1332 3333 1627 3382 aquarum
1641 3319 1693 3371 8(
1707 3322 1939 3372 niuium
1961 3321 2167 3385 rapida
2179 3323 2238 3372 vi
2253 3318 2487 3373 deteciis

283 3391 466 3442 Anno
486 3390 630 3443 1520.
652 3392 980 3449 inuentum,
1008 3404 1046 3441 a
1070 3388 1417 3453 quibusdam
1443 3389 1582 3443 huic
1608 3390 1803 3443 Stellae
1831 3391 1910 3456 (et
1933 3407 2069 3443 meo
2090 3391 2336 3457 judicio)
2363 3407 2487 3443 non

425 3471 495 3507 ⁴⁰·
2293 3466 2486 3527 inepte
