2976 4264
457 325 526 376 28
960 319 1570 373 ASTRONOMIAE
1596 319 2162 373 INSTAURATAE

458 490 562 541 EX
590 486 871 541 CAPITE
901 484 1215 548 QUINTO
1247 483 1732 537 RECOGNITAE
1761 484 2212 540 DIALEXEOS
2238 487 2659 550 THADDAEL

592 570 722 621 VBI
749 567 1116 621 STELLAM
1144 567 1383 619 HANC
1409 566 1885 619 AETHEREAM
1912 569 2177 621 FUISSE
2203 571 2522 623 PROBAT.

529 662 700 706 Omne
715 662 916 714 Corpus
937 659 1079 714 quod
1099 660 1184 702 uel
1203 659 1404 702 nullam
1424 658 1587 701 habet
1600 659 1911 712 Parallaxin,
1933 662 2018 704 uel
2035 661 2299 705 minorem
2314 675 2476 717 quam
2491 665 2659 716 Luna,

456 723 598 765 nullo
624 721 787 763 modo
816 719 1203 762 accensendum
1229 717 1300 761 est
1323 718 1640 760 Elementari
1661 719 1886 774 Regioni,
1915 720 2002 763 sed
2021 720 2296 765 AEthereo.
2325 722 2571 766 Nostrum
2592 724 2663 766 Si-

457 782 554 824 dus
583 781 781 822 nullam
812 778 1215 832 depraehensum
1245 777 1317 820 est
1345 777 1545 820 habere
1574 778 1885 821 Parallaxin.
1916 780 2049 834 Ergo
2079 791 2187 823 non
2212 781 2543 835 Elementari‚
2575 783 2662 826 sed

455 839 729 883 AEthereae
745 837 954 893 Regioni
974 837 1362 880 accensendum
1382 836 1467 879 est.
1492 836 1666 879 Maior
1685 837 1756 881 est
1776 838 1992 882 euidens
2010 850 2076 882 ex
2089 839 2295 884 ratione
2309 841 2659 886 Parallaxeos.

457 899 718 941 Minorem
738 897 909 951 probo
929 895 1173 951 praesenti
1193 895 1590 950 prosyllogismo
1611 896 2039 941 demonstratiuo.

527 957 698 1000 Omne
719 956 922 1010 Corpus
949 956 1092 1010 quod
1117 956 1383 1009 aequalem
1410 955 1584 998 seruat
1608 959 1881 1010 perpetuo,
1910 958 1951 1000 8ι
1977 957 2171 1012 ubique
2198 959 2268 1001 ad
2286 960 2439 1003 Polos
2460 960 2660 1012 Mundi,

455 1018 496 1060 8ι
517 1016 585 1059 ad
605 1016 791 1058 Stellas
813 1014 1125 1066 distantiam,
1146 1014 1274 1057 illud
1294 1015 1497 1057 nullam
1515 1014 1716 1059 habere
1735 1016 1902 1071 potest
1914 1017 2224 1060 Parallaxin.
2249 1018 2496 1062 Nostrum
2510 1019 2662 1062 Sidus

454 1076 717 1130 aequalem
743 1075 916 1118 seruat
942 1074 1188 1117 omnibus
1213 1074 1558 1128 temporibus,
1587 1075 1629 1117 81
1653 1075 1785 1119 locis
1812 1076 1881 1118 ad
1906 1077 2091 1120 Polum
2113 1077 2297 1120 Mundi
2317 1079 2358 1120 8ι
2378 1078 2566 1122 Stellas
2593 1079 2663 1122 di-

454 1134 710 1178 stantiam.
734 1134 866 1189 Ergo
887 1134 1088 1177 nullam
1108 1133 1308 1176 habere
1328 1133 1494 1187 potest
1513 1134 1822 1178 Parallaxin.

525 1194 626 1236 Sed
646 1205 710 1236 ea
732 1193 907 1236 adhuc
928 1193 1222 1236 euidentior
1240 1192 1332 1235 fiet
1350 1204 1418 1235 ex
1437 1192 1670 1247 sequenti
1689 1194 1973 1238 Schemate
1988 1196 2029 1238 δι
2042 1195 2511 1250 Argumentatione
2532 1197 2663 1241 Geo-

453 1253 691 1304 metrica‚
713 1264 875 1307 quam
896 1252 1149 1307 subij0ere
1168 1251 1382 1307 placuit,
1402 1254 1461 1295 ut
1474 1251 1682 1296 Veritas
1697 1254 1952 1306 constare,
1973 1266 2209 1309 ueraque
2223 1256 2452 1299 Scientia
2472 1257 2538 1300 de
2557 1257 2661 1300 hac

453 1313 612 1356 Stella
632 1311 871 1355 constitui
889 1312 1052 1367 possit.
1076 1311 1250 1355 Maior
1269 1309 1290 1371 ΙΙ
1310 1312 1690 1366 prosyllogismi
1709 1316 1838 1357 nota
1858 1313 1944 1366 est,
1967 1326 2033 1357 ex
2053 1313 2294 1358 doctrina
2307 1317 2660 1368 Parallaxeos‚

454 1384 615 1426 quam
636 1371 722 1415 hic
743 1371 901 1415 fufius
922 1374 1171 1415 excutere
1191 1382 1300 1415 non
1319 1370 1390 1414 est
1409 1371 1625 1415 necesse.
1649 1373 1913 1416 Minorem
1933 1373 2234 1417 euidentem
2254 1374 2455 1418 faciunt
2471 1375 2661 1419 nostrae

453 1432 493 1474 8ι
520 1431 746 1474 aliorum
772 1431 1111 1475 Eruditorum
1130 1430 1398 1482 Virorum,
1426 1431 1718 1485 praesertim
1745 1433 1967 1488 Cornelij
1991 1433 2251 1486 Gemmae,
2280 1435 2321 1477 82
2348 1434 2663 1490 Hieronymi

454 1490 671 1546 Munofij
696 1489 911 1545 Hispani
931 1489 1355 1542 obseruationes,
1379 1490 1622 1544 adeoque
1641 1491 1818 1535 nostra
1838 1492 2057 1546 sequens
2078 1493 2481 1538 Demonstratio.

1629 1551 1704 1594 Sit
1724 1551 2048 1595 Meridianus
2067 1552 2280 1606 AZHB,
2305 1553 2357 1596 in
2378 1565 2483 1608 quo
2503 1565 2663 1608 punc-

1555 1613 1672 1654 tum
1691 1611 1904 1655 uerticis
1926 1611 1984 1654 fit
2003 1612 2055 1655 Z.
2078 1611 2338 1656 Medietas
2357 1613 2662 1657 Horizontis

1558 1670 1839 1714 Orientalis
1864 1671 2017 1714 ΑΕΒ.
2045 1670 2299 1715 Punctum
2325 1673 2363 1715 E
2390 1672 2551 1716 Ortus
2571 1673 2662 1716 ΑΞ)-

1558 1730 1810 1784 quatoris.
1834 1730 2071 1773 Circulus
2084 1731 2298 1775 Altitud.
2314 1731 2487 1775 ZOM.
2509 1733 2662 1777 Polus

1558 1789 1743 1832 Mundi
1758 1789 1823 1833 H.
1842 1790 2018 1833 Locus
2031 1790 2086 1833 in
2101 1802 2206 1845 quo
2221 1791 2394 1845 prima
2407 1791 2662 1835 Obserua-

1555 1849 1698 1893 tione
1728 1849 1887 1892 Stella
1920 1848 2105 1893 exacte
2136 1850 2191 1893 in
2222 1850 2587 1905 Septentrione
2620 1852 2661 1895 81

1555 1911 1706 1963 parte
1740 1908 2018 1952 Meridiani
2056 1909 2288 1953 inferiori
2327 1910 2424 1953 Die
2456 1910 2484 1954 6
2516 1910 2658 1967 Maij.

1557 1967 1686 2012 Hor.
1715 1967 1758 2011 8.
1789 1968 1972 2023 Scrup.
1999 1968 2059 2012 29
2086 1969 2199 2024 post
2226 1969 2411 2013 Merid.
2439 1969 2660 2014 Viennae

1556 2027 1647 2070 sub
1668 2027 1972 2071 Eleuatione
1985 2028 2092 2072 Poli
2111 2031 2245 2083 part.
2268 2028 2340 2072 48.
2365 2029 2489 2073 min.
2512 2030 2570 2072 22
2590 2030 2661 2074 est

1496 2081 1514 2117 '-
1555 2086 1681 2138 uisa,
1710 2087 1769 2129 fit
1795 2087 1845 2130 F.
1877 2087 2013 2131 Hinc
2035 2087 2194 2131 Stella
2220 2088 2308 2131 seu
2334 2087 2589 2143 punctum
2608 2089 2662 2132 il-

1555 2146 1646 2189 lud
1672 2145 1709 2188 F
1733 2148 1883 2189 motu
1913 2146 2070 2200 primi
2095 2147 2320 2200 mobilis,
2351 2152 2660 2202 promotum

1556 2205 1655 2249 esse
1665 2205 1979 2260 intelligitur,
1992 2205 2046 2249 in
2056 2207 2401 2251 medietatem
2413 2207 2542 2251 Coeli
2551 2208 2660 2252 Ori-

1556 2266 1788 2308 entalem
1816 2265 1997 2308 uersus
2026 2266 2079 2318 E,
2112 2267 2181 2309 ad
2210 2265 2464 2321 punctum
2491 2267 2536 2310 Ο
2565 2279 2660 2322 per

1554 2324 1820 2379 Tempora
1838 2324 1911 2368 24.
1940 2325 2110 2380 scrup.
2132 2325 2205 2377 38,
2234 2326 2322 2370 seu
2347 2338 2441 2381 per
2461 2326 2591 2370 Hor.
2618 2327 2656 2370 1.

1556 2384 1650 2427 scr.
1672 2383 1746 2435 38,
1776 2385 1919 2438 quod
1938 2384 2168 2439 Tempus
2192 2385 2335 2429 fuisse
2357 2386 2564 2430 Horam
2588 2386 2656 2430 10.

1556 2444 1723 2498 scrup.
1739 2444 1781 2496 7,
1797 2443 2031 2488 Altitudo
2045 2447 2250 2498 quartae
2261 2445 2438 2488 Stellae
2447 2445 2501 2488 in
2513 2446 2660 2489 Cassi-

1556 2515 1693 2557 opea
1716 2502 2001 2555 indicabat,
2030 2515 2151 2558 quae
2177 2503 2265 2548 illo
2288 2505 2549 2559 Tempore
2576 2506 2660 2549 de-

1555 2562 1833 2617 praehensa
1848 2562 1933 2614 est,
1950 2562 2198 2615 habuisse‚
2213 2563 2427 2607 Altitud.
2445 2564 2497 2607 17
2512 2565 2656 2619 grad.

452 2621 579 2664 min.
601 2621 673 2664 45.
702 2621 768 2663 At
793 2620 1046 2675 punctum
1073 2621 1124 2673 F,
1151 2621 1205 2664 in
1231 2632 1336 2675 quo
1358 2621 1573 2665 Nouum
1594 2621 1747 2664 Sidus
1769 2621 1943 2676 prima
1965 2622 2344 2667 obseruatione
2371 2622 2660 2678 spectatum

454 2680 539 2732 est,
555 2680 740 2724 habuit
753 2680 1093 2724 Altitudinem
1108 2692 1203 2735 per
1214 2681 1579 2732 Quadrantem
1595 2684 1876 2735 acceptam
1889 2681 1948 2724 20
1961 2682 2106 2736 grad.
2127 2682 2179 2724 15
2193 2682 2319 2726 min.
2337 2683 2659 2738 designatam

452 2751 549 2795 per
560 2740 761 2783 Arcum
781 2739 877 2792 BF,
900 2740 1049 2783 cuius
1064 2740 1525 2794 Complementum
1543 2741 1613 2784 ad
1626 2740 1968 2784 Altitudinem
1987 2741 2094 2784 Poli
2113 2741 2184 2785 est
2202 2742 2373 2785 Arcus
2393 2742 2486 2785 FH
2506 2742 2565 2785 28
2584 2755 2656 2798 gr.

454 2801 495 2842 7.
525 2800 692 2853 scrup.
723 2797 975 2842 Punc‘tum
1001 2810 1131 2843 uero
1158 2799 1499 2843 Firmamenti
1525 2800 1569 2843 Ο
1596 2800 1650 2843 in
1676 2800 1906 2843 secunda
1933 2800 2375 2853 Confideratione‚
2407 2801 2572 2854 Hora,
2602 2805 2660 2845 ut

454 2858 698 2911 diximus,
724 2858 792 2902 10.
809 2858 933 2901 min.
951 2859 994 2910 7,
1015 2858 1200 2902 habuit
1213 2859 1554 2903 Altitudinem
1573 2859 1631 2902 22
1645 2860 1789 2915 grad.
1813 2858 2012 2911 exacte,
2035 2861 2359 2916 designatam
2372 2861 2515 2905 Arcu
2530 2861 2584 2904 M
2595 2861 2656 2905 Ο.

454 2917 765 2961 Distantiam
786 2922 966 2960 autem
988 2917 1390 2962 Horizontalem
1406 2931 1438 2961 a
1453 2918 1816 2974 Septentrione
1836 2919 2047 2962 uersum
2066 2919 2390 2963 Orientalem
2406 2920 2534 2963 Coeli
2553 2932 2660 2964 me-

454 2977 721 3029 dietatem,
749 2980 991 3020 notatam
1017 2989 1113 3031 per
1130 2978 1330 3020 Arcum
1353 2978 1454 3020 ΒΜ
1487 2978 1540 3021 12
1560 2979 1704 3034 grad.
1732 2978 1784 3022 13
1805 2978 1988 3022 minut.
2018 2979 2133 3022 Iam
2154 2980 2189 3022 fi
2209 2978 2463 3034 punctum
2484 2979 2659 3023 Stellae

452 3037 506 3079 in
535 3036 764 3080 secunda
793 3036 1218 3080 Confideratione
1249 3037 1547 3080 inueniatur
1576 3038 1630 3080 in
1662 3037 2005 3082 Semicirculo
2035 3038 2197 3091 FOK,
2232 3039 2319 3093 qui
2352 3039 2660 3083 describitur

453 3099 604 3139 motu
619 3096 975 3148 Firmamenti,
997 3096 1197 3139 nullam
1219 3108 1283 3139 ea
1303 3096 1462 3140 Stella
1482 3096 1699 3140 habebit
1711 3097 2021 3140 Parallaxin.
2044 3097 2133 3140 Sin
2153 3101 2334 3141 autem
2354 3098 2659 3153 depraehen-

453 3156 608 3198 datur
633 3154 770 3198 intra
790 3153 987 3198 dictum
1008 3155 1427 3207 semicirculum,
1454 3155 1634 3211 utique
1661 3156 1877 3200 habebit
1903 3156 2138 3211 aliquam
2157 3157 2467 3209 Parallaxin‚
2490 3158 2530 3200 81
2550 3169 2657 3201 non

454 3214 658 3258 distabit
678 3214 955 3268 aequaliter
973 3227 1005 3257 a
1025 3215 1149 3258 Polo
1171 3215 1368 3258 Mundi.
1396 3215 1551 3267 Quod
1570 3218 1628 3258 ut
1646 3214 1839 3259 rec'tius
1865 3215 2171 3268 innotescat,
2200 3217 2535 3260 affirmamus
2555 3216 2658 3259 Tri·

454 3274 704 3329 angulum
724 3273 892 3326 ZHO,
914 3274 967 3316 in
987 3285 1092 3328 quo
1114 3274 1308 3317 Latera
1329 3274 1419 3318 ΖΟ
1442 3275 1483 3317 8ι
1504 3274 1615 3326 ΖΗ,
1639 3286 1763 3318 cum
1783 3275 1987 3330 Angulo
2009 3275 2159 3318 OZH
2180 3280 2308 3319 nota
2328 3276 2456 3319 sunt.
2480 3276 2657 3327 Quare

453 3344 548 3387 per
560 3333 630 3375 XI
646 3333 921 3387 Copernici
940 3333 1213 3377 innotescit
1228 3334 1391 3377 Latus
1407 3334 1505 3377 OH
1520 3334 1578 3376 28
1597 3335 1741 3389 grad.
1762 3335 1789 3377 7
1810 3335 1977 3389 scrup.
1999 3335 2066 3377 At
2086 3346 2153 3378 ex
2171 3335 2344 3389 prima
2359 3335 2657 3378 Considera-

452 3392 596 3435 tione
622 3392 896 3434 inuentum
922 3395 1037 3435 erat
1058 3393 1221 3436 Latus
1241 3393 1335 3435 FH
1354 3393 1577 3436 totidem
1597 3393 1828 3447 partium
1849 3394 1890 3436 81
1911 3394 2291 3448 scrupulorum.
2320 3394 2480 3437 Stella
2504 3394 2658 3448 igitur

2593 3459 2656 3507 in

2711 790 2733 824 5

2716 1086 2758 1121 lo

2693 1315 2781 1359 514

2715 1383 2757 1418 15

2710 1680 2757 1715 20

2709 1977 2755 2012 25

2709 2571 2755 2606 35

2708 2867 2754 2902 40

2707 3163 2752 3197 45
