<?xml version="1.0" encoding="UTF-8"?>
<!DOCTYPE html PUBLIC "-//W3C//DTD XHTML 1.0 Transitional//EN"
    "http://www.w3.org/TR/xhtml1/DTD/xhtml1-transitional.dtd">
<html xmlns="http://www.w3.org/1999/xhtml" xml:lang="en" lang="en">
 <head>
  <title>
</title>
<meta http-equiv="Content-Type" content="text/html;charset=utf-8" />
  <meta name='ocr-system' content='tesseract 3.04.00' />
  <meta name='ocr-capabilities' content='ocr_page ocr_carea ocr_par ocr_line ocrx_word'/>
</head>
<body>
  <div class='ocr_page' id='page_1' title='image "./operaomniaedidit03brahuoft/operaomniaedidit03brahuoft_0195.png"; bbox 0 0 2976 4264; ppageno 0'>
   <div class='ocr_carea' id='block_1_1' title="bbox 229 985 272 1019">
    <p class='ocr_par' dir='ltr' id='par_1_1' title="bbox 229 985 272 1019">
     <span class='ocr_line' id='line_1_1' title="bbox 229 985 272 1019; baseline 0.023 -1"><span class='ocrx_word' id='word_1_1' title='bbox 229 985 272 1019; x_wconf 90' lang='lat'>10</span> 
     </span>
    </p>
   </div>
   <div class='ocr_carea' id='block_1_2' title="bbox 200 1314 288 1358">
    <p class='ocr_par' dir='ltr' id='par_1_2' title="bbox 200 1314 288 1358">
     <span class='ocr_line' id='line_1_2' title="bbox 200 1314 288 1358; baseline 0 0"><span class='ocrx_word' id='word_1_2' title='bbox 200 1314 288 1358; x_wconf 88' lang='lat'>670</span> 
     </span>
    </p>
   </div>
   <div class='ocr_carea' id='block_1_3' title="bbox 230 2852 272 2886">
    <p class='ocr_par' dir='ltr' id='par_1_3' title="bbox 230 2852 272 2886">
     <span class='ocr_line' id='line_1_3' title="bbox 230 2852 272 2886; baseline 0 0"><span class='ocrx_word' id='word_1_3' title='bbox 230 2852 272 2886; x_wconf 92' lang='grc'>15</span> 
     </span>
    </p>
   </div>
   <div class='ocr_carea' id='block_1_4' title="bbox 226 3146 273 3181">
    <p class='ocr_par' dir='ltr' id='par_1_4' title="bbox 226 3146 273 3181">
     <span class='ocr_line' id='line_1_4' title="bbox 226 3146 273 3181; baseline 0 0"><span class='ocrx_word' id='word_1_4' title='bbox 226 3146 273 3181; x_wconf 90' lang='grc'>20</span> 
     </span>
    </p>
   </div>
   <div class='ocr_carea' id='block_1_5' title="bbox 696 305 2524 361">
    <p class='ocr_par' dir='ltr' id='par_1_5' title="bbox 696 305 2524 361">
     <span class='ocr_line' id='line_1_5' title="bbox 696 305 2524 361; baseline 0.002 -4"><span class='ocrx_word' id='word_1_5' title='bbox 696 305 1576 360; x_wconf 88' lang='lat' dir='ltr'>PROGYMNASMATUM</span> <span class='ocrx_word' id='word_1_6' title='bbox 1601 306 1917 359; x_wconf 91' lang='lat' dir='ltr'><strong>TERTIA</strong></span> <span class='ocrx_word' id='word_1_7' title='bbox 1943 306 2146 360; x_wconf 90' lang='lat' dir='ltr'>PARS</span> <span class='ocrx_word' id='word_1_8' title='bbox 2434 307 2524 361; x_wconf 88' lang='lat'>183</span> 
     </span>
    </p>
   </div>
   <div class='ocr_carea' id='block_1_6' title="bbox 318 445 2527 1278">
    <p class='ocr_par' dir='ltr' id='par_1_6' title="bbox 320 445 2527 797">
     <span class='ocr_line' id='line_1_6' title="bbox 321 445 2525 501; baseline 0.001 -14"><span class='ocrx_word' id='word_1_9' title='bbox 321 445 619 500; x_wconf 88' lang='lat' dir='ltr'>gandarum</span> <span class='ocrx_word' id='word_1_10' title='bbox 638 445 991 489; x_wconf 86' lang='lat' dir='ltr'>Parallaxium</span> <span class='ocrx_word' id='word_1_11' title='bbox 1018 446 1380 501; x_wconf 84' lang='lat' dir='ltr'>cognoscatur.</span> <span class='ocrx_word' id='word_1_12' title='bbox 1407 446 1568 490; x_wconf 88' lang='lat' dir='ltr'>Posset</span> <span class='ocrx_word' id='word_1_13' title='bbox 1595 450 1774 490; x_wconf 91' lang='lat' dir='ltr'>autem</span> <span class='ocrx_word' id='word_1_14' title='bbox 1801 447 1875 490; x_wconf 87' lang='lat' dir='ltr'>isti</span> <span class='ocrx_word' id='word_1_15' title='bbox 1898 447 2195 490; x_wconf 84' lang='lat' dir='ltr'>difficultati</span> <span class='ocrx_word' id='word_1_16' title='bbox 2215 447 2462 498; x_wconf 84' lang='lat' dir='ltr'>succurri,</span> <span class='ocrx_word' id='word_1_17' title='bbox 2491 448 2525 490; x_wconf 87' lang='lat' dir='ltr'>fi</span> 
     </span>
     <span class='ocr_line' id='line_1_7' title="bbox 324 504 2527 565; baseline 0.001 -19"><span class='ocrx_word' id='word_1_18' title='bbox 324 504 493 547; x_wconf 84' lang='lat' dir='ltr'>socius</span> <span class='ocrx_word' id='word_1_19' title='bbox 513 504 958 549; x_wconf 84' lang='lat' dir='ltr'>Obseruationum</span> <span class='ocrx_word' id='word_1_20' title='bbox 979 505 1334 558; x_wconf 83' lang='lat' dir='ltr'><strong>adhiberetur,</strong></span> <span class='ocrx_word' id='word_1_21' title='bbox 1362 506 1403 548; x_wconf 74' lang='grc' dir='ltr'>ἃ</span> <span class='ocrx_word' id='word_1_22' title='bbox 1431 506 1537 550; x_wconf 93' lang='lat' dir='ltr'>duo</span> <span class='ocrx_word' id='word_1_23' title='bbox 1559 506 1908 558; x_wconf 89' lang='lat' dir='ltr'>Quadrantes‚</span> <span class='ocrx_word' id='word_1_24' title='bbox 1936 509 1994 549; x_wconf 93' lang='lat' dir='ltr'>ut</span> <span class='ocrx_word' id='word_1_25' title='bbox 2019 518 2125 550; x_wconf 91' lang='lat' dir='ltr'>uno</span> <span class='ocrx_word' id='word_1_26' title='bbox 2149 505 2527 565; x_wconf 70' lang='lat' dir='ltr'>moment02Al-</span> 
     </span>
     <span class='ocr_line' id='line_1_8' title="bbox 320 562 2527 610; baseline 0.001 -4"><span class='ocrx_word' id='word_1_27' title='bbox 320 562 567 607; x_wconf 87' lang='lat' dir='ltr'>titudines</span> <span class='ocrx_word' id='word_1_28' title='bbox 588 564 828 607; x_wconf 89' lang='lat' dir='ltr'>omnium</span> <span class='ocrx_word' id='word_1_29' title='bbox 847 564 1008 607; x_wconf 91' lang='lat' dir='ltr'>trium</span> <span class='ocrx_word' id='word_1_30' title='bbox 1030 565 1372 608; x_wconf 86' lang='lat' dir='ltr'>sumerentur.</span> <span class='ocrx_word' id='word_1_31' title='bbox 1396 565 1665 609; x_wconf 82' lang='lat' dir='ltr'>Distantiae</span> <span class='ocrx_word' id='word_1_32' title='bbox 1684 565 1827 609; x_wconf 91' lang='lat' dir='ltr'>enim</span> <span class='ocrx_word' id='word_1_33' title='bbox 1846 578 1954 610; x_wconf 93' lang='lat' dir='ltr'>non</span> <span class='ocrx_word' id='word_1_34' title='bbox 1973 565 2046 608; x_wconf 91' lang='lat' dir='ltr'>ita</span> <span class='ocrx_word' id='word_1_35' title='bbox 2066 566 2233 609; x_wconf 83' lang='lat' dir='ltr'>subito</span> <span class='ocrx_word' id='word_1_36' title='bbox 2254 568 2527 609; x_wconf 88' lang='lat' dir='ltr'>mutantur</span> 
     </span>
     <span class='ocr_line' id='line_1_9' title="bbox 323 622 2526 680; baseline 0.001 -15"><span class='ocrx_word' id='word_1_37' title='bbox 323 625 481 676; x_wconf 91' lang='lat' dir='ltr'>atque</span> <span class='ocrx_word' id='word_1_38' title='bbox 494 622 821 667; x_wconf 87' lang='lat' dir='ltr'>Altitudines.</span> <span class='ocrx_word' id='word_1_39' title='bbox 843 623 1046 667; x_wconf 91' lang='lat' dir='ltr'>Verum</span> <span class='ocrx_word' id='word_1_40' title='bbox 1060 624 1221 667; x_wconf 89' lang='lat' dir='ltr'>etiam</span> <span class='ocrx_word' id='word_1_41' title='bbox 1235 636 1301 668; x_wconf 95' lang='lat' dir='ltr'>ea</span> <span class='ocrx_word' id='word_1_42' title='bbox 1315 625 1532 668; x_wconf 80' lang='lat' dir='ltr'>Cautela</span> <span class='ocrx_word' id='word_1_43' title='bbox 1545 636 1686 680; x_wconf 85' lang='lat' dir='ltr'>aegre</span> <span class='ocrx_word' id='word_1_44' title='bbox 1703 636 1825 668; x_wconf 73' lang='lat' dir='ltr'>rem,</span> <span class='ocrx_word' id='word_1_45' title='bbox 1838 625 2043 680; x_wconf 88' lang='lat' dir='ltr'>penitus</span> <span class='ocrx_word' id='word_1_46' title='bbox 2065 625 2321 677; x_wconf 85' lang='lat' dir='ltr'>absolues,</span> <span class='ocrx_word' id='word_1_47' title='bbox 2344 628 2401 667; x_wconf 94' lang='lat' dir='ltr'>ut</span> <span class='ocrx_word' id='word_1_48' title='bbox 2420 636 2526 668; x_wconf 91' lang='lat' dir='ltr'>non</span> 
     </span>
     <span class='ocr_line' id='line_1_10' title="bbox 323 682 2523 739; baseline 0.001 -15"><span class='ocrx_word' id='word_1_49' title='bbox 323 682 518 736; x_wconf 90' lang='lat' dir='ltr'>aliquid</span> <span class='ocrx_word' id='word_1_50' title='bbox 537 682 630 725; x_wconf 90' lang='lat' dir='ltr'>tibi</span> <span class='ocrx_word' id='word_1_51' title='bbox 651 686 901 726; x_wconf 91' lang='lat' dir='ltr'>occurrat</span> <span class='ocrx_word' id='word_1_52' title='bbox 918 683 972 726; x_wconf 91' lang='lat' dir='ltr'>in</span> <span class='ocrx_word' id='word_1_53' title='bbox 992 695 1098 738; x_wconf 91' lang='lat' dir='ltr'>quo</span> <span class='ocrx_word' id='word_1_54' title='bbox 1118 683 1340 727; x_wconf 83' lang='lat' dir='ltr'>haefites.</span> <span class='ocrx_word' id='word_1_55' title='bbox 1363 684 1547 738; x_wconf 89' lang='lat' dir='ltr'>Itaque</span> <span class='ocrx_word' id='word_1_56' title='bbox 1566 685 1711 727; x_wconf 91' lang='lat' dir='ltr'>haud</span> <span class='ocrx_word' id='word_1_57' title='bbox 1730 685 1944 728; x_wconf 84' lang='lat' dir='ltr'>consulo</span> <span class='ocrx_word' id='word_1_58' title='bbox 1958 688 2016 727; x_wconf 90' lang='lat' dir='ltr'>ut</span> <span class='ocrx_word' id='word_1_59' title='bbox 2028 685 2181 739; x_wconf 88' lang='lat' dir='ltr'>praxi</span> <span class='ocrx_word' id='word_1_60' title='bbox 2195 684 2523 727; x_wconf 86' lang='lat' dir='ltr'>adhibeatur.</span> 
     </span>
     <span class='ocr_line' id='line_1_11' title="bbox 323 741 1697 797; baseline 0.001 -13"><span class='ocrx_word' id='word_1_61' title='bbox 323 741 714 785; x_wconf 90' lang='lat' dir='ltr'>Demonstratio</span> <span class='ocrx_word' id='word_1_62' title='bbox 735 743 949 796; x_wconf 89' lang='lat' dir='ltr'>quidem</span> <span class='ocrx_word' id='word_1_63' title='bbox 969 743 1056 786; x_wconf 81' lang='lat' dir='ltr'>hic</span> <span class='ocrx_word' id='word_1_64' title='bbox 1078 754 1289 797; x_wconf 90' lang='lat' dir='ltr'>quoque</span> <span class='ocrx_word' id='word_1_65' title='bbox 1309 743 1380 787; x_wconf 87' lang='lat' dir='ltr'>est</span> <span class='ocrx_word' id='word_1_66' title='bbox 1399 743 1697 787; x_wconf 89' lang='lat' dir='ltr'>infallibilis.</span> 
     </span>
    </p>

    <p class='ocr_par' dir='ltr' id='par_1_7' title="bbox 318 800 2527 1278">
     <span class='ocr_line' id='line_1_12' title="bbox 393 800 2527 857; baseline 0.001 -14"><span class='ocrx_word' id='word_1_67' title='bbox 393 800 467 843; x_wconf 92' lang='lat' dir='ltr'>Sit</span> <span class='ocrx_word' id='word_1_68' title='bbox 486 801 618 856; x_wconf 90' lang='lat' dir='ltr'>Ergo</span> <span class='ocrx_word' id='word_1_69' title='bbox 641 802 965 845; x_wconf 90' lang='lat' dir='ltr'>Meridianus</span> <span class='ocrx_word' id='word_1_70' title='bbox 987 802 1166 854; x_wconf 86' lang='grc' dir='ltr'><strong>ΜΑΟ,</strong></span> <span class='ocrx_word' id='word_1_71' title='bbox 1193 803 1389 846; x_wconf 85' lang='lat' dir='ltr'>Vertex</span> <span class='ocrx_word' id='word_1_72' title='bbox 1409 804 1469 855; x_wconf 83' lang='lat' dir='ltr'>A,</span> <span class='ocrx_word' id='word_1_73' title='bbox 1496 804 1649 847; x_wconf 91' lang='lat' dir='ltr'>Polus</span> <span class='ocrx_word' id='word_1_74' title='bbox 1670 803 1855 846; x_wconf 88' lang='lat' dir='ltr'>Mundi</span> <span class='ocrx_word' id='word_1_75' title='bbox 1874 803 1936 855; x_wconf 88' lang='lat' dir='ltr'>Q,</span> <span class='ocrx_word' id='word_1_76' title='bbox 1965 803 2204 847; x_wconf 87' lang='lat' dir='ltr'>Horizon</span> <span class='ocrx_word' id='word_1_77' title='bbox 2229 803 2417 857; x_wconf 85' lang='lat' dir='ltr'>primae</span> <span class='ocrx_word' id='word_1_78' title='bbox 2438 803 2527 846; x_wconf 92' lang='lat' dir='ltr'>ob-</span> 
     </span>
     <span class='ocr_line' id='line_1_13' title="bbox 322 860 2527 917; baseline 0.001 -15"><span class='ocrx_word' id='word_1_79' title='bbox 322 860 629 903; x_wconf 86' lang='lat' dir='ltr'>seruationis</span> <span class='ocrx_word' id='word_1_80' title='bbox 657 861 829 905; x_wconf 88' lang='lat' dir='ltr'><strong>MRO.</strong></span> <span class='ocrx_word' id='word_1_81' title='bbox 857 861 1059 905; x_wconf 85' lang='lat' dir='ltr'>Primus</span> <span class='ocrx_word' id='word_1_82' title='bbox 1086 861 1351 905; x_wconf 88' lang='lat' dir='ltr'>uerticalis</span> <span class='ocrx_word' id='word_1_83' title='bbox 1376 862 1715 906; x_wconf 88' lang='lat' dir='ltr'>Phaenomeni</span> <span class='ocrx_word' id='word_1_84' title='bbox 1741 863 1889 914; x_wconf 87' lang='lat' dir='ltr'>AIN,</span> <span class='ocrx_word' id='word_1_85' title='bbox 1916 863 1969 905; x_wconf 92' lang='lat' dir='ltr'>in</span> <span class='ocrx_word' id='word_1_86' title='bbox 1996 874 2101 916; x_wconf 94' lang='lat' dir='ltr'>quo</span> <span class='ocrx_word' id='word_1_87' title='bbox 2128 862 2238 905; x_wconf 93' lang='lat' dir='ltr'>eius</span> <span class='ocrx_word' id='word_1_88' title='bbox 2264 863 2413 905; x_wconf 91' lang='lat' dir='ltr'>locus</span> <span class='ocrx_word' id='word_1_89' title='bbox 2440 874 2527 917; x_wconf 88' lang='lat' dir='ltr'>ap-</span> 
     </span>
     <span class='ocr_line' id='line_1_14' title="bbox 320 919 2526 973; baseline 0.001 -11"><span class='ocrx_word' id='word_1_90' title='bbox 320 930 513 973; x_wconf 89' lang='lat' dir='ltr'>parens</span> <span class='ocrx_word' id='word_1_91' title='bbox 542 919 613 963; x_wconf 85' lang='lat' dir='ltr'>est</span> <span class='ocrx_word' id='word_1_92' title='bbox 642 921 679 971; x_wconf 95' lang='lat' dir='ltr'>I,</span> <span class='ocrx_word' id='word_1_93' title='bbox 707 920 878 964; x_wconf 91' lang='lat' dir='ltr'>Verus</span> <span class='ocrx_word' id='word_1_94' title='bbox 906 921 967 972; x_wconf 91' lang='lat' dir='ltr'>G,</span> <span class='ocrx_word' id='word_1_95' title='bbox 998 921 1147 964; x_wconf 92' lang='lat' dir='ltr'>Loca</span> <span class='ocrx_word' id='word_1_96' title='bbox 1173 921 1455 965; x_wconf 85' lang='lat' dir='ltr'>Stellarum</span> <span class='ocrx_word' id='word_1_97' title='bbox 1481 922 1727 965; x_wconf 88' lang='lat' dir='ltr'>Fixarum</span> <span class='ocrx_word' id='word_1_98' title='bbox 1756 922 1802 964; x_wconf 90' lang='lat' dir='ltr'><strong>K</strong></span> <span class='ocrx_word' id='word_1_99' title='bbox 1828 923 1869 965; x_wconf 76' lang='lat'>81</span> <span class='ocrx_word' id='word_1_100' title='bbox 1895 922 1946 973; x_wconf 87' lang='lat' dir='ltr'>F,</span> <span class='ocrx_word' id='word_1_101' title='bbox 1977 922 2030 964; x_wconf 91' lang='lat' dir='ltr'>in</span> <span class='ocrx_word' id='word_1_102' title='bbox 2059 922 2158 965; x_wconf 82' lang='lat' dir='ltr'>suis</span> <span class='ocrx_word' id='word_1_103' title='bbox 2187 922 2526 965; x_wconf 89' lang='lat' dir='ltr'>uerticalibus</span> 
     </span>
     <span class='ocr_line' id='line_1_15' title="bbox 320 978 2526 1035; baseline 0.001 -15"><span class='ocrx_word' id='word_1_104' title='bbox 320 978 475 1020; x_wconf 87' lang='lat' dir='ltr'>AKL</span> <span class='ocrx_word' id='word_1_105' title='bbox 495 979 535 1021; x_wconf 75' lang='grc' dir='ltr'>ἃ</span> <span class='ocrx_word' id='word_1_106' title='bbox 555 979 705 1022; x_wconf 90' lang='lat' dir='ltr'><strong>AFR.</strong></span> <span class='ocrx_word' id='word_1_107' title='bbox 735 980 809 1023; x_wconf 91' lang='lat' dir='ltr'>Sit</span> <span class='ocrx_word' id='word_1_108' title='bbox 833 980 944 1023; x_wconf 92' lang='lat' dir='ltr'>iam</span> <span class='ocrx_word' id='word_1_109' title='bbox 969 983 1155 1024; x_wconf 85' lang='lat' dir='ltr'>uertex</span> <span class='ocrx_word' id='word_1_110' title='bbox 1173 981 1219 1023; x_wconf 85' lang='lat' dir='ltr'>A</span> <span class='ocrx_word' id='word_1_111' title='bbox 1238 981 1428 1035; x_wconf 87' lang='lat' dir='ltr'>primae</span> <span class='ocrx_word' id='word_1_112' title='bbox 1449 981 1878 1025; x_wconf 74' lang='lat' dir='ltr'>considerationis</span> <span class='ocrx_word' id='word_1_113' title='bbox 1907 982 2112 1025; x_wconf 89' lang='lat' dir='ltr'>delatus</span> <span class='ocrx_word' id='word_1_114' title='bbox 2137 981 2189 1023; x_wconf 89' lang='lat' dir='ltr'>in</span> <span class='ocrx_word' id='word_1_115' title='bbox 2214 979 2468 1035; x_wconf 72' lang='lat' dir='ltr'>punctum</span> <span class='ocrx_word' id='word_1_116' title='bbox 2489 981 2526 1023; x_wconf 94' lang='lat' dir='ltr'>E</span> 
     </span>
     <span class='ocr_line' id='line_1_16' title="bbox 322 1037 2525 1093; baseline 0.001 -13"><span class='ocrx_word' id='word_1_117' title='bbox 322 1037 567 1081; x_wconf 82' lang='lat' dir='ltr'>secundae</span> <span class='ocrx_word' id='word_1_118' title='bbox 586 1039 1033 1091; x_wconf 75' lang='lat' dir='ltr'>considerationis,</span> <span class='ocrx_word' id='word_1_119' title='bbox 1056 1040 1205 1083; x_wconf 89' lang='lat' dir='ltr'>cuius</span> <span class='ocrx_word' id='word_1_120' title='bbox 1221 1039 1459 1084; x_wconf 87' lang='lat' dir='ltr'>Horizon</span> <span class='ocrx_word' id='word_1_121' title='bbox 1478 1041 1550 1084; x_wconf 89' lang='lat' dir='ltr'>est</span> <span class='ocrx_word' id='word_1_122' title='bbox 1567 1041 1723 1093; x_wconf 91' lang='lat' dir='ltr'>BDC,</span> <span class='ocrx_word' id='word_1_123' title='bbox 1745 1041 1927 1084; x_wconf 92' lang='lat' dir='ltr'>circuli</span> <span class='ocrx_word' id='word_1_124' title='bbox 1940 1041 2231 1084; x_wconf 87' lang='lat' dir='ltr'>Verticales</span> <span class='ocrx_word' id='word_1_125' title='bbox 2246 1040 2525 1083; x_wconf 88' lang='lat' dir='ltr'>Stellarum</span> 
     </span>
     <span class='ocr_line' id='line_1_17' title="bbox 320 1096 2527 1155; baseline 0.001 -16"><span class='ocrx_word' id='word_1_126' title='bbox 320 1096 473 1148; x_wconf 89' lang='lat' dir='ltr'>EKS,</span> <span class='ocrx_word' id='word_1_127' title='bbox 501 1098 542 1140; x_wconf 74' lang='lat'>81</span> <span class='ocrx_word' id='word_1_128' title='bbox 568 1098 706 1150; x_wconf 91' lang='lat' dir='ltr'><strong>EFP,</strong></span> <span class='ocrx_word' id='word_1_129' title='bbox 734 1098 1075 1143; x_wconf 88' lang='lat' dir='ltr'>Phaenomeni</span> <span class='ocrx_word' id='word_1_130' title='bbox 1097 1110 1227 1143; x_wconf 89' lang='lat' dir='ltr'>uero</span> <span class='ocrx_word' id='word_1_131' title='bbox 1247 1099 1418 1152; x_wconf 89' lang='lat' dir='ltr'>EHD,</span> <span class='ocrx_word' id='word_1_132' title='bbox 1444 1100 1499 1143; x_wconf 91' lang='lat' dir='ltr'>in</span> <span class='ocrx_word' id='word_1_133' title='bbox 1525 1112 1630 1155; x_wconf 92' lang='lat' dir='ltr'>quo</span> <span class='ocrx_word' id='word_1_134' title='bbox 1657 1101 1806 1144; x_wconf 94' lang='lat' dir='ltr'>locus</span> <span class='ocrx_word' id='word_1_135' title='bbox 1827 1111 2090 1155; x_wconf 90' lang='lat' dir='ltr'>apparens</span> <span class='ocrx_word' id='word_1_136' title='bbox 2110 1100 2181 1143; x_wconf 86' lang='lat' dir='ltr'>est</span> <span class='ocrx_word' id='word_1_137' title='bbox 2202 1099 2267 1143; x_wconf 91' lang='lat' dir='ltr'>H.</span> <span class='ocrx_word' id='word_1_138' title='bbox 2297 1100 2527 1143; x_wconf 90' lang='lat' dir='ltr'>Connec-</span> 
     </span>
     <span class='ocr_line' id='line_1_18' title="bbox 318 1156 2526 1215; baseline 0.001 -16"><span class='ocrx_word' id='word_1_139' title='bbox 318 1159 498 1199; x_wconf 91' lang='lat' dir='ltr'>tantur</span> <span class='ocrx_word' id='word_1_140' title='bbox 522 1156 717 1212; x_wconf 72' lang='lat' dir='ltr'>puncta</span> <span class='ocrx_word' id='word_1_141' title='bbox 744 1157 864 1200; x_wconf 89' lang='lat' dir='ltr'>KFI</span> <span class='ocrx_word' id='word_1_142' title='bbox 875 1157 941 1210; x_wconf 91' lang='lat' dir='ltr'>H,</span> <span class='ocrx_word' id='word_1_143' title='bbox 970 1158 1200 1202; x_wconf 90' lang='lat' dir='ltr'>arcubus</span> <span class='ocrx_word' id='word_1_144' title='bbox 1227 1159 1559 1203; x_wconf 91' lang='lat' dir='ltr'>Circulorum</span> <span class='ocrx_word' id='word_1_145' title='bbox 1585 1171 1918 1215; x_wconf 90' lang='lat' dir='ltr'>magnorum.</span> <span class='ocrx_word' id='word_1_146' title='bbox 1951 1159 2084 1204; x_wconf 92' lang='lat' dir='ltr'>Dico</span> <span class='ocrx_word' id='word_1_147' title='bbox 2113 1160 2203 1212; x_wconf 90' lang='lat' dir='ltr'>GI,</span> <span class='ocrx_word' id='word_1_148' title='bbox 2230 1159 2526 1202; x_wconf 85' lang='lat' dir='ltr'>Parallaxin</span> 
     </span>
     <span class='ocr_line' id='line_1_19' title="bbox 319 1215 1778 1278; baseline 0.002 -19"><span class='ocrx_word' id='word_1_149' title='bbox 319 1215 510 1270; x_wconf 84' lang='lat' dir='ltr'>primae</span> <span class='ocrx_word' id='word_1_150' title='bbox 530 1216 978 1270; x_wconf 81' lang='lat' dir='ltr'>confiderationis‚</span> <span class='ocrx_word' id='word_1_151' title='bbox 1001 1218 1042 1260; x_wconf 74' lang='grc' dir='ltr'>ἃ</span> <span class='ocrx_word' id='word_1_152' title='bbox 1063 1217 1168 1261; x_wconf 89' lang='lat' dir='ltr'>HG</span> <span class='ocrx_word' id='word_1_153' title='bbox 1188 1218 1432 1262; x_wconf 84' lang='lat' dir='ltr'>secundae</span> <span class='ocrx_word' id='word_1_154' title='bbox 1453 1220 1638 1262; x_wconf 88' lang='lat' dir='ltr'>datum</span> <span class='ocrx_word' id='word_1_155' title='bbox 1659 1219 1735 1262; x_wconf 90' lang='lat' dir='ltr'>iri.</span> <span class='ocrx_word' id='word_1_156' title='bbox 1758 1217 1778 1278; x_wconf 89' lang='grc' dir='ltr'>ΙΙ</span> 
     </span>
    </p>
   </div>
   <div class='ocr_carea' id='block_1_7' title="bbox 537 1308 2344 2804">
    <p class='ocr_par' dir='ltr' id='par_1_8' title="bbox 537 1308 2344 2804">
     <span class='ocr_line' id='line_1_20' title="bbox 537 1308 2344 2804; baseline 0 0"><span class='ocrx_word' id='word_1_157' title='bbox 537 1308 2344 2804; x_wconf 95' lang='lat' dir='ltr'> </span> 
     </span>
    </p>
   </div>
   <div class='ocr_carea' id='block_1_8' title="bbox 319 2837 2524 3428">
    <p class='ocr_par' dir='ltr' id='par_1_9' title="bbox 319 2837 2524 3428">
     <span class='ocr_line' id='line_1_21' title="bbox 393 2837 2519 2895; baseline -0.001 -11"><span class='ocrx_word' id='word_1_158' title='bbox 393 2840 762 2895; x_wconf 90' lang='lat' dir='ltr'>Concipiemus</span> <span class='ocrx_word' id='word_1_159' title='bbox 795 2843 975 2883; x_wconf 90' lang='lat' dir='ltr'>autem</span> <span class='ocrx_word' id='word_1_160' title='bbox 1007 2838 1059 2880; x_wconf 92' lang='lat' dir='ltr'>in</span> <span class='ocrx_word' id='word_1_161' title='bbox 1090 2837 1193 2881; x_wconf 92' lang='lat' dir='ltr'>hac</span> <span class='ocrx_word' id='word_1_162' title='bbox 1221 2837 1679 2881; x_wconf 85' lang='lat' dir='ltr'>Demonstratione</span> <span class='ocrx_word' id='word_1_163' title='bbox 1711 2838 1908 2892; x_wconf 84' lang='lat' dir='ltr'>septem</span> <span class='ocrx_word' id='word_1_164' title='bbox 1930 2838 2206 2893; x_wconf 89' lang='lat' dir='ltr'>Triangula</span> <span class='ocrx_word' id='word_1_165' title='bbox 2233 2839 2519 2894; x_wconf 88' lang='lat' dir='ltr'>Sphaerica.</span> 
     </span>
     <span class='ocr_line' id='line_1_22' title="bbox 320 2897 2522 2955; baseline -0.001 -12"><span class='ocrx_word' id='word_1_166' title='bbox 320 2900 552 2943; x_wconf 91' lang='lat' dir='ltr'>Primum</span> <span class='ocrx_word' id='word_1_167' title='bbox 580 2899 918 2955; x_wconf 85' lang='lat' dir='ltr'>Triangulum</span> <span class='ocrx_word' id='word_1_168' title='bbox 949 2898 1021 2942; x_wconf 88' lang='lat' dir='ltr'>est</span> <span class='ocrx_word' id='word_1_169' title='bbox 1048 2897 1208 2949; x_wconf 90' lang='lat' dir='ltr'><strong>AKF,</strong></span> <span class='ocrx_word' id='word_1_170' title='bbox 1241 2899 1493 2940; x_wconf 87' lang='lat' dir='ltr'>notorum</span> <span class='ocrx_word' id='word_1_171' title='bbox 1524 2897 1773 2940; x_wconf 89' lang='lat' dir='ltr'>laterum:</span> <span class='ocrx_word' id='word_1_172' title='bbox 1808 2898 1965 2940; x_wconf 91' lang='lat' dir='ltr'>datur</span> <span class='ocrx_word' id='word_1_173' title='bbox 1994 2897 2148 2952; x_wconf 88' lang='lat' dir='ltr'>igitur</span> <span class='ocrx_word' id='word_1_174' title='bbox 2178 2898 2263 2941; x_wconf 87' lang='lat' dir='ltr'>hic</span> <span class='ocrx_word' id='word_1_175' title='bbox 2290 2899 2522 2954; x_wconf 90' lang='lat' dir='ltr'>Angulus</span> 
     </span>
     <span class='ocr_line' id='line_1_23' title="bbox 320 2955 2523 3012; baseline -0.001 -9"><span class='ocrx_word' id='word_1_176' title='bbox 320 2960 481 3002; x_wconf 89' lang='lat' dir='ltr'><strong>AKF.</strong></span> <span class='ocrx_word' id='word_1_177' title='bbox 511 2958 815 3002; x_wconf 91' lang='lat' dir='ltr'>Secundum</span> <span class='ocrx_word' id='word_1_178' title='bbox 834 2958 1172 3012; x_wconf 89' lang='lat' dir='ltr'>Triangulum</span> <span class='ocrx_word' id='word_1_179' title='bbox 1197 2956 1287 2998; x_wconf 92' lang='lat' dir='ltr'>KE</span> <span class='ocrx_word' id='word_1_180' title='bbox 1297 2956 1348 3007; x_wconf 93' lang='lat' dir='ltr'>F,</span> <span class='ocrx_word' id='word_1_181' title='bbox 1375 2955 1539 2999; x_wconf 89' lang='lat' dir='ltr'>etiam</span> <span class='ocrx_word' id='word_1_182' title='bbox 1564 2959 1816 3000; x_wconf 90' lang='lat' dir='ltr'>notorum</span> <span class='ocrx_word' id='word_1_183' title='bbox 1837 2957 2106 3008; x_wconf 91' lang='lat' dir='ltr'>Laterum,</span> <span class='ocrx_word' id='word_1_184' title='bbox 2133 2957 2405 3001; x_wconf 86' lang='lat' dir='ltr'>innotescit</span> <span class='ocrx_word' id='word_1_185' title='bbox 2423 2959 2523 3000; x_wconf 91' lang='lat' dir='ltr'>An-</span> 
     </span>
     <span class='ocr_line' id='line_1_24' title="bbox 320 3015 2522 3074; baseline -0 -13"><span class='ocrx_word' id='word_1_186' title='bbox 320 3020 470 3074; x_wconf 89' lang='lat' dir='ltr'>gulus</span> <span class='ocrx_word' id='word_1_187' title='bbox 498 3019 650 3069; x_wconf 89' lang='lat' dir='ltr'>EKF,</span> <span class='ocrx_word' id='word_1_188' title='bbox 682 3018 771 3072; x_wconf 93' lang='lat' dir='ltr'>qui</span> <span class='ocrx_word' id='word_1_189' title='bbox 796 3016 1076 3060; x_wconf 75' lang='lat' dir='ltr'>subductus</span> <span class='ocrx_word' id='word_1_190' title='bbox 1103 3016 1170 3059; x_wconf 94' lang='lat' dir='ltr'>ab</span> <span class='ocrx_word' id='word_1_191' title='bbox 1198 3016 1401 3070; x_wconf 90' lang='lat' dir='ltr'>Angulo</span> <span class='ocrx_word' id='word_1_192' title='bbox 1427 3015 1535 3058; x_wconf 92' lang='lat' dir='ltr'>iam</span> <span class='ocrx_word' id='word_1_193' title='bbox 1561 3015 1775 3059; x_wconf 92' lang='lat' dir='ltr'>inuento</span> <span class='ocrx_word' id='word_1_194' title='bbox 1802 3016 1961 3067; x_wconf 84' lang='lat' dir='ltr'><strong>AKF,</strong></span> <span class='ocrx_word' id='word_1_195' title='bbox 1991 3016 2235 3070; x_wconf 91' lang='lat' dir='ltr'>relinquit</span> <span class='ocrx_word' id='word_1_196' title='bbox 2259 3017 2522 3072; x_wconf 88' lang='lat' dir='ltr'>Angulum</span> 
     </span>
     <span class='ocr_line' id='line_1_25' title="bbox 319 3074 2523 3132; baseline -0 -11"><span class='ocrx_word' id='word_1_197' title='bbox 319 3079 466 3121; x_wconf 88' lang='lat' dir='ltr'>AKE</span> <span class='ocrx_word' id='word_1_198' title='bbox 491 3078 774 3132; x_wconf 90' lang='lat' dir='ltr'>cognitum.</span> <span class='ocrx_word' id='word_1_199' title='bbox 802 3077 1033 3120; x_wconf 87' lang='lat' dir='ltr'>Tertium</span> <span class='ocrx_word' id='word_1_200' title='bbox 1052 3075 1389 3130; x_wconf 91' lang='lat' dir='ltr'>Triangulum</span> <span class='ocrx_word' id='word_1_201' title='bbox 1409 3074 1555 3116; x_wconf 91' lang='lat' dir='ltr'>AKE</span> <span class='ocrx_word' id='word_1_202' title='bbox 1582 3075 1689 3118; x_wconf 95' lang='lat' dir='ltr'>duo</span> <span class='ocrx_word' id='word_1_203' title='bbox 1715 3076 1884 3118; x_wconf 84' lang='lat' dir='ltr'>latera</span> <span class='ocrx_word' id='word_1_204' title='bbox 1909 3086 2034 3118; x_wconf 94' lang='lat' dir='ltr'>cum</span> <span class='ocrx_word' id='word_1_205' title='bbox 2053 3076 2257 3130; x_wconf 91' lang='lat' dir='ltr'>Angulo</span> <span class='ocrx_word' id='word_1_206' title='bbox 2284 3087 2523 3131; x_wconf 89' lang='lat' dir='ltr'>compre-</span> 
     </span>
     <span class='ocr_line' id='line_1_26' title="bbox 321 3133 2523 3191; baseline -0.001 -10"><span class='ocrx_word' id='word_1_207' title='bbox 321 3137 482 3181; x_wconf 81' lang='lat' dir='ltr'>henso</span> <span class='ocrx_word' id='word_1_208' title='bbox 502 3137 666 3180; x_wconf 88' lang='lat' dir='ltr'>habet</span> <span class='ocrx_word' id='word_1_209' title='bbox 685 3136 910 3191; x_wconf 89' lang='lat' dir='ltr'>cognita.</span> <span class='ocrx_word' id='word_1_210' title='bbox 939 3136 1109 3178; x_wconf 92' lang='lat' dir='ltr'>Datur</span> <span class='ocrx_word' id='word_1_211' title='bbox 1133 3136 1270 3178; x_wconf 90' lang='lat' dir='ltr'>latus</span> <span class='ocrx_word' id='word_1_212' title='bbox 1290 3133 1380 3175; x_wconf 87' lang='lat' dir='ltr'>AE</span> <span class='ocrx_word' id='word_1_213' title='bbox 1401 3133 1442 3175; x_wconf 75' lang='lat'>81</span> <span class='ocrx_word' id='word_1_214' title='bbox 1461 3133 1695 3189; x_wconf 86' lang='lat' dir='ltr'>Angulus</span> <span class='ocrx_word' id='word_1_215' title='bbox 1714 3135 1802 3176; x_wconf 90' lang='grc' dir='ltr'>ΑΕ</span> <span class='ocrx_word' id='word_1_216' title='bbox 1813 3135 1874 3177; x_wconf 89' lang='grc' dir='ltr'>Κ.</span> <span class='ocrx_word' id='word_1_217' title='bbox 1904 3134 2166 3186; x_wconf 89' lang='lat' dir='ltr'>Quartum</span> <span class='ocrx_word' id='word_1_218' title='bbox 2184 3134 2523 3191; x_wconf 91' lang='lat' dir='ltr'>Triangulum</span> 
     </span>
     <span class='ocr_line' id='line_1_27' title="bbox 321 3193 2524 3248; baseline -0.001 -8"><span class='ocrx_word' id='word_1_219' title='bbox 321 3197 471 3248; x_wconf 91' lang='lat' dir='ltr'>AFE,</span> <span class='ocrx_word' id='word_1_220' title='bbox 493 3200 743 3240; x_wconf 93' lang='lat' dir='ltr'>notorum</span> <span class='ocrx_word' id='word_1_221' title='bbox 760 3196 1029 3247; x_wconf 88' lang='lat' dir='ltr'>Laterum,</span> <span class='ocrx_word' id='word_1_222' title='bbox 1046 3196 1202 3238; x_wconf 92' lang='lat' dir='ltr'>datur</span> <span class='ocrx_word' id='word_1_223' title='bbox 1214 3193 1447 3247; x_wconf 90' lang='lat' dir='ltr'>Angulus</span> <span class='ocrx_word' id='word_1_224' title='bbox 1461 3193 1603 3235; x_wconf 91' lang='lat' dir='ltr'>FAE.</span> <span class='ocrx_word' id='word_1_225' title='bbox 1627 3193 1879 3245; x_wconf 88' lang='lat' dir='ltr'>Quintum</span> <span class='ocrx_word' id='word_1_226' title='bbox 1893 3193 2231 3248; x_wconf 91' lang='lat' dir='ltr'>Triangulum</span> <span class='ocrx_word' id='word_1_227' title='bbox 2246 3194 2364 3237; x_wconf 84' lang='lat' dir='ltr'>IAF</span> <span class='ocrx_word' id='word_1_228' title='bbox 2377 3197 2524 3238; x_wconf 91' lang='lat' dir='ltr'>noto-</span> 
     </span>
     <span class='ocr_line' id='line_1_28' title="bbox 321 3251 2524 3309; baseline -0.001 -10"><span class='ocrx_word' id='word_1_229' title='bbox 321 3268 441 3298; x_wconf 90' lang='lat' dir='ltr'>rum</span> <span class='ocrx_word' id='word_1_230' title='bbox 457 3256 726 3306; x_wconf 91' lang='lat' dir='ltr'>Laterum‚</span> <span class='ocrx_word' id='word_1_231' title='bbox 749 3256 906 3298; x_wconf 92' lang='lat' dir='ltr'>datur</span> <span class='ocrx_word' id='word_1_232' title='bbox 919 3255 1152 3309; x_wconf 88' lang='lat' dir='ltr'>Angulus</span> <span class='ocrx_word' id='word_1_233' title='bbox 1172 3253 1305 3303; x_wconf 88' lang='lat' dir='ltr'><strong>IAF,</strong></span> <span class='ocrx_word' id='word_1_234' title='bbox 1329 3251 1417 3305; x_wconf 92' lang='lat' dir='ltr'>qui</span> <span class='ocrx_word' id='word_1_235' title='bbox 1438 3252 1647 3295; x_wconf 91' lang='lat' dir='ltr'>additus</span> <span class='ocrx_word' id='word_1_236' title='bbox 1668 3253 1737 3295; x_wconf 95' lang='lat' dir='ltr'>ad</span> <span class='ocrx_word' id='word_1_237' title='bbox 1759 3252 2079 3307; x_wconf 85' lang='lat' dir='ltr'>superiorem</span> <span class='ocrx_word' id='word_1_238' title='bbox 2099 3253 2181 3296; x_wconf 86' lang='lat' dir='ltr'>FA</span> <span class='ocrx_word' id='word_1_239' title='bbox 2190 3254 2243 3305; x_wconf 89' lang='lat' dir='ltr'>E,</span> <span class='ocrx_word' id='word_1_240' title='bbox 2265 3257 2412 3297; x_wconf 93' lang='lat' dir='ltr'>creat</span> <span class='ocrx_word' id='word_1_241' title='bbox 2424 3255 2524 3296; x_wconf 84' lang='lat' dir='ltr'>An-</span> 
     </span>
     <span class='ocr_line' id='line_1_29' title="bbox 322 3311 2523 3370; baseline -0.001 -12"><span class='ocrx_word' id='word_1_242' title='bbox 322 3316 501 3370; x_wconf 92' lang='lat' dir='ltr'>gulum</span> <span class='ocrx_word' id='word_1_243' title='bbox 528 3315 663 3357; x_wconf 90' lang='lat' dir='ltr'><strong>IAE.</strong></span> <span class='ocrx_word' id='word_1_244' title='bbox 698 3314 916 3357; x_wconf 87' lang='lat' dir='ltr'>Sextum</span> <span class='ocrx_word' id='word_1_245' title='bbox 939 3314 1277 3368; x_wconf 91' lang='lat' dir='ltr'>Triangulum</span> <span class='ocrx_word' id='word_1_246' title='bbox 1306 3311 1472 3362; x_wconf 88' lang='grc' dir='ltr'><strong>ΚΕΗ,</strong></span> <span class='ocrx_word' id='word_1_247' title='bbox 1506 3315 1758 3355; x_wconf 92' lang='lat' dir='ltr'>notorum</span> <span class='ocrx_word' id='word_1_248' title='bbox 1791 3312 2059 3355; x_wconf 87' lang='lat' dir='ltr'>Laterum.</span> <span class='ocrx_word' id='word_1_249' title='bbox 2094 3313 2265 3355; x_wconf 91' lang='lat' dir='ltr'>Datur</span> <span class='ocrx_word' id='word_1_250' title='bbox 2290 3314 2523 3368; x_wconf 86' lang='lat' dir='ltr'>Angulus</span> 
     </span>
     <span class='ocr_line' id='line_1_30' title="bbox 323 3370 2523 3428; baseline -0.001 -11"><span class='ocrx_word' id='word_1_251' title='bbox 323 3374 490 3426; x_wconf 89' lang='lat' dir='ltr'><strong>KEH,</strong></span> <span class='ocrx_word' id='word_1_252' title='bbox 513 3374 598 3417; x_wconf 91' lang='lat' dir='ltr'>cui</span> <span class='ocrx_word' id='word_1_253' title='bbox 620 3374 828 3417; x_wconf 91' lang='lat' dir='ltr'>additus</span> <span class='ocrx_word' id='word_1_254' title='bbox 850 3374 1068 3428; x_wconf 90' lang='lat' dir='ltr'>angulus</span> <span class='ocrx_word' id='word_1_255' title='bbox 1087 3372 1250 3423; x_wconf 85' lang='lat' dir='ltr'>AEK,</span> <span class='ocrx_word' id='word_1_256' title='bbox 1273 3370 1428 3426; x_wconf 88' lang='lat' dir='ltr'>gignit</span> <span class='ocrx_word' id='word_1_257' title='bbox 1446 3374 1620 3414; x_wconf 87' lang='lat' dir='ltr'>totum</span> <span class='ocrx_word' id='word_1_258' title='bbox 1639 3371 1903 3426; x_wconf 86' lang='lat' dir='ltr'>Angulum</span> <span class='ocrx_word' id='word_1_259' title='bbox 1922 3372 2082 3414; x_wconf 89' lang='lat' dir='ltr'>AEG.</span> <span class='ocrx_word' id='word_1_260' title='bbox 2109 3372 2402 3426; x_wconf 91' lang='lat' dir='ltr'>Septimum</span> <span class='ocrx_word' id='word_1_261' title='bbox 2421 3372 2523 3414; x_wconf 89' lang='lat' dir='ltr'>Tri-</span> 
     </span>
    </p>
   </div>
   <div class='ocr_carea' id='block_1_9' title="bbox 2236 3434 2522 3498">
    <p class='ocr_par' dir='ltr' id='par_1_10' title="bbox 2236 3434 2522 3498">
     <span class='ocr_line' id='line_1_31' title="bbox 2236 3434 2522 3498; baseline -0.003 -13"><span class='ocrx_word' id='word_1_262' title='bbox 2236 3434 2522 3498; x_wconf 88' lang='lat' dir='ltr'>angulum</span> 
     </span>
    </p>
   </div>
  </div>
 </body>
</html>
