2976 4264
430 310 521 361 144
932 302 1541 357 ASTRONOMIAE
1567 300 2132 354 INSTAURATAE

428 449 816 502 Altitudinem
836 449 1161 498 maximam
1182 444 1629 509 deprehenderit
1649 444 1706 495 P.
1722 444 1807 496 79.
1826 441 1861 509 l.
1877 444 1961 495 56.
1984 443 2404 508 discrepantem
2424 444 2497 496 ab
2519 442 2631 496 hac

428 523 609 586 priori
630 519 715 571 M.
737 519 809 570 19.
831 524 1057 570 tantam
1077 531 1315 580 quoque
1334 515 1491 567 fuisse
1512 514 1691 566 huius
1712 515 1907 566 Stellae
1928 514 2266 566 Parallaxin
2284 514 2472 566 infert.

499 592 650 643 Haec
671 589 911 653 quidem
932 586 1375 652 quodammodo
1396 602 1469 638 ex
1488 586 1601 638 istis
1619 586 1964 638 dedomenis
1979 588 2060 638 ita
2072 585 2128 637 se
2142 585 2442 646 haberent,
2465 586 2630 638 dum-

427 663 606 713 modo
633 677 756 712 non
775 666 1050 723 vtrasque
1072 657 1408 710 Parallaxes
1429 657 1828 718 confunderet,
1856 663 1979 709 tam
1999 672 2116 718 eaS‚
2144 673 2279 721 quae
2302 672 2485 721 prope
2505 672 2630 708 ver-

427 737 600 785 ticem
620 746 802 796 quam
822 733 987 782 iuxta
1001 730 1394 781 Horizontem
1409 731 1768 794 contingunt,
1791 743 1926 780 cum
1939 730 2134 793 potius
2149 728 2542 793 disgregandae
2557 727 2631 779 ab
2681 747 2703 781 5

428 806 684 855 inuicem
703 802 910 854 forent.

498 875 721 926 Verum
735 873 853 924 siue
868 874 1010 924 vitio
1026 871 1410 931 Instrumenti,
1429 871 1547 922 fiue
1563 870 1912 923 eleuationis
1927 870 2053 922 Poli
2066 886 2190 922 non
2203 868 2353 923 recte
2369 869 2631 930 adhibiti,

428 953 529 998 aut
557 948 734 997 etiam
759 951 1005 1008 vtraque
1033 944 1104 995 de
1131 943 1334 1003 caussa‚
1364 943 1423 994 id
1451 943 1810 993 commissum
1837 942 1928 1003 est,
1958 941 2282 1006 plurimum
2307 941 2444 993 sane
2473 941 2571 992 hic
2597 957 2634 993 a

427 1017 599 1081 scopo
615 1011 1026 1083 defle-{lxerunt
1041 1014 1477 1066 obseruationes
1488 1012 2032 1078 Witebergenfium,
2048 1013 2317 1077 adeoque
2332 1015 2501 1064 tertia
2513 1012 2634 1064 fere
2666 1023 2754 1067 630

427 1094 590 1153 parte
611 1090 786 1138 vnius
805 1086 1041 1151 gradus:
1065 1085 1224 1150 quod
1244 1086 1456 1137 reuera
1475 1087 1730 1136 nimium
1751 1083 1841 1136 est.
2688 1102 2730 1137 10

500 1158 774 1210 Existimo
795 1164 995 1210 autem
1015 1156 1171 1209 hanc
1192 1157 1594 1209 deuiationem
1614 1155 1765 1208 adeo
1787 1171 2109 1217 enormem,
2131 1154 2269 1207 hinc
2286 1156 2636 1220 potissimum

428 1230 767 1295 prouenisse‚
781 1229 941 1293 quod
952 1228 1078 1280 Poli
1089 1227 1479 1280 Altitudinem
1490 1227 1634 1279 iusto
1645 1229 1935 1279 maiorem
1947 1226 2320 1279 assumserint:
2334 1226 2636 1291 Siquidem

428 1302 674 1354 altitudo
686 1300 881 1353 Stellae
893 1302 1157 1351 maxima
1169 1299 1221 1351 8(
1231 1302 1482 1351 minima
1495 1301 1754 1350 inuicem
1768 1298 1996 1359 collata,
2011 1314 2116 1363 per
2130 1300 2256 1350 eius
2271 1298 2638 1350 dimidiatam

432 1372 840 1432 differentiam,
862 1387 997 1436 quae
1020 1371 1095 1423 est
1109 1371 1167 1422 Ρ.
1183 1371 1268 1423 28.
1287 1368 1429 1436 l.11{:
1452 1370 1694 1422 ostendit
1714 1369 2170 1422 declinationem
2185 1369 2397 1430 Stellae,
2420 1384 2556 1420 cum
2575 1368 2638 1420 fit

432 1447 558 1495 eius
579 1443 1094 1508 complementum,
1122 1442 1493 1506 sesquialtero
1513 1441 1715 1494 saltem
1733 1440 2004 1506 scrupulo
2026 1456 2063 1492 a
2081 1440 2274 1493 nostra
2292 1442 2638 1492 inuentione
2693 1459 2735 1493 15

433 1514 815 1576 differentem,
836 1514 997 1566 velut
1017 1513 1148 1566 haec
1167 1514 1431 1578 superius
1451 1512 1629 1565 semel
1649 1519 1825 1577 atque
1845 1515 2059 1564 iterum
2080 1515 2258 1564 etiam
2277 1514 2639 1571 monuimUS‚

433 1587 485 1639 &
504 1589 567 1638 in
588 1585 978 1651 disquisitione
999 1585 1268 1650 Epistolae
1289 1584 1725 1645 Hainzelianae,
1746 1583 1873 1636 Poli
1893 1583 2264 1636 altitudinem
2285 1599 2357 1635 ex
2376 1585 2642 1634 maxima

433 1657 485 1709 8(
497 1660 746 1709 minima
759 1657 1107 1709 sublimitate
1120 1656 1315 1709 Stellae
1326 1655 1783 1721 probabiliorem
1795 1655 2194 1707 constituimus
2205 1655 2264 1706 P.
2274 1655 2347 1707 51.
2360 1652 2376 1720 Ι
2383 1695 2395 1706 .
2405 1655 2489 1706 45.
2502 1654 2640 1714 fere,

433 1745 614 1793 quam
641 1732 819 1780 etiam
845 1726 1057 1780 rec'tius
1083 1728 1138 1779 se
1165 1727 1401 1789 habere,
1429 1743 1554 1779 non
1572 1729 1747 1778 irritis
1766 1729 2043 1791 tecmirijs
2062 1742 2222 1778 nunc
2242 1725 2640 1791 probabimus,

504 1800 913 1852 Eleuationem
940 1799 1067 1851 Poli
1093 1799 1422 1863 Lipsensem
1447 1798 1790 1863 praestantiss.
1819 1798 1963 1849 olim
1990 1801 2116 1849 eius
2136 1797 2480 1850 Academiae
2507 1796 2638 1848 Ma·
2690 1814 2736 1849 20

431 1871 781 1923 thematicus
802 1870 1100 1923 Iohannes
1122 1870 1440 1922 Homelius
1461 1870 1768 1922 adinuenit
1788 1870 1891 1921 esse
1912 1869 1970 1921 P.
1989 1870 2062 1921 51.
2084 1866 2119 1934 l.
2136 1869 2209 1921 17.
2230 1868 2324 1920 Ab
2346 1867 2458 1920 hac
2480 1867 2642 1920 distat

431 1943 769 2008 Witeberga
788 1942 1116 1994 miliaribus
1139 1942 1513 1994 Germanicis
1535 1939 1681 1993 octo,
1711 1940 1912 2004 Quare
1939 1940 1980 1991 fi
2006 1940 2167 1992 linea
2192 1939 2491 2005 pofitionis
2516 1941 2643 1991 eius

434 2012 645 2066 direc‘te
660 2017 723 2065 in
735 2014 1189 2078 septentrionem
1199 2013 1476 2074 tenderet,
1492 2013 1576 2064 32.
1591 2012 1782 2064 forent
1793 2012 2032 2064 Minuta
2044 2011 2316 2063 addenda
2326 2027 2433 2076 pro
2447 2010 2641 2062 eleua-

433 2088 593 2137 tione
608 2085 734 2137 Poli
747 2084 1196 2150 Witebergenfis
1211 2083 1564 2136 definienda.
1585 2084 1664 2134 At
1684 2099 1759 2135 ne
1780 2083 1853 2134 fic
1875 2083 2114 2147 quidem
2128 2082 2203 2134 ab
2218 2084 2289 2147 ijs
2307 2081 2642 2147 praesuppo-

434 2156 597 2208 fitam
619 2156 1008 2217 confirmaret,
1029 2156 1125 2207 sed
1145 2155 1347 2208 saltem
1365 2155 1452 2207 49.
1468 2155 1554 2206 M.
1570 2154 1721 2206 vltra
1735 2157 1990 2219 integros
2006 2153 2245 2206 Gradus
2261 2169 2332 2206 ea
2347 2153 2640 2213 euaderet,
2691 2172 2736 2205 25

435 2228 594 2292 quod
624 2230 820 2292 quinis
849 2226 1132 2291 scrupulis
1161 2227 1235 2279 ab
1265 2228 1545 2290 assumpta
1574 2228 1986 2277 numeratione
2016 2224 2223 2277 deficit.
2251 2225 2475 2276 Verum
2505 2239 2641 2275 cum

434 2298 771 2364 Witeberga
784 2298 1037 2364 Lipfiam
1057 2314 1181 2350 non
1200 2296 1356 2349 recta
1375 2297 1573 2349 versus
1588 2297 2059 2362 Septentrionem
2078 2296 2356 2361 respiciat,
2377 2295 2473 2347 sed
2494 2311 2640 2347 non-

434 2370 584 2421 nihil
604 2371 679 2422 ad
700 2376 895 2422 ortum
908 2385 1016 2434 pro
1031 2372 1199 2421 tertia
1213 2369 1574 2432 Quadrantis
1588 2375 1751 2433 parte
1765 2367 2095 2428 reclinetur,
2117 2370 2197 2419 ita
2210 2374 2271 2419 vt
2285 2367 2483 2432 quoad
2497 2373 2641 2418 trac-

434 2449 561 2493 tum
573 2457 604 2493 e
617 2441 807 2506 Lipfia
816 2444 1283 2506 prouenientem,
1296 2439 1762 2504 mesaquilonem
1772 2438 1996 2504 spectet,
2008 2439 2190 2490 veluti
2202 2454 2410 2490 omnes
2423 2437 2642 2490 chartae

438 2512 869 2577 Geographicae
883 2512 1329 2573 emendatioreS,
1344 2518 1471 2563 tum
1484 2514 1662 2563 etiam
1677 2510 1798 2576 ipsa
1810 2513 2113 2562 itineraria
2128 2508 2424 2574 profed’tiO,
2440 2509 2642 2561 testan-
2693 2527 2740 2562 30

436 2591 545 2636 tur.
568 2584 729 2636 Hinc
750 2587 921 2649 igitur
940 2586 1310 2648 inquiremus
1331 2589 1621 2647 quantum
1640 2582 1875 2647 praecise
1893 2581 2233 2634 addendum
2246 2581 2309 2632 fit
2325 2581 2644 2632 eleuationi

437 2655 565 2707 Poli
585 2655 882 2719 Lipsenfi5‚
903 2662 963 2707 vt
982 2654 1433 2719 Witebergenfis
1454 2657 1665 2705 certius
1684 2653 1945 2718 prodeat.

509 2726 869 2792 Intelligatur
892 2730 1090 2790 itaque
1120 2729 1183 2777 in
1209 2725 1469 2790 appofito
1489 2724 1812 2790 Triangulo
1832 2725 1889 2776 A
1910 2724 2116 2788 Lipfia.
2145 2725 2192 2775 Β
2212 2723 2565 2787 Witeberga.
2596 2722 2646 2774 C

978 2797 1322 2862 Septentrio,
1335 2795 1593 2861 respectu
1604 2796 1826 2861 Lipfiae.
1837 2795 2143 2859 Quoniam
2150 2794 2422 2859 Angulus
2431 2794 2644 2846 A.C.B.

708 2853 764 2901 Α
977 2868 1052 2920 est
1065 2866 1271 2928 rectus,
1288 2868 1340 2919 8(
1355 2869 1418 2919 Β.
1429 2868 1501 2919 A.
1513 2867 1579 2920 C.
1594 2867 1786 2919 datur:
1804 2867 1878 2918 est
1893 2869 2053 2918 enim
2066 2882 2170 2931 per
2182 2865 2488 2918 Circulum
2501 2864 2644 2929 pofi-
2696 2882 2742 2917 35

975 2943 1169 3001 tioniS,
1198 2955 1317 3004 quo
1337 2938 1676 3004 Witeberga
1702 2937 1893 2990 differt
1919 2954 1956 2990 a
1980 2937 2140 2989 linea
2167 2937 2524 3001 Aquilonari
2549 2936 2650 2987 seu

978 3011 1318 3063 Meridiano
1352 3010 1620 3074 Lipsenfi‚
1656 3012 1720 3061 in
1754 3009 2053 3062 Gradibus
2086 3009 2433 3060 Horizontis
2463 3009 2648 3058 tertiae

977 3084 1174 3147 partiS‚
1190 3089 1249 3133 vt
1265 3082 1403 3142 dixi,
1418 3084 1592 3132 vnius
1608 3081 1992 3144 Quadrantis:
2012 3079 2265 3144 ideoque
2280 3079 2366 3131 30.
2381 3081 2649 3143 proxime

978 3153 1291 3218 graduum:
1314 3168 1508 3217 neque
1524 3155 1684 3204 enim
1697 3152 1926 3203 summa
1939 3150 2200 3216 praecifio
2214 3150 2539 3202 admodum
2552 3148 2650 3200 hic

981 3224 1056 3276 est
1070 3225 1396 3276 necessaria.
1415 3224 1695 3275 Prouenit
1708 3226 1880 3288 igitur
1893 3222 2047 3274 latus
2060 3222 2133 3273 A.
2151 3222 2217 3274 C.
2236 3221 2395 3285 quod
2411 3220 2652 3272 ostendit
2701 3236 2748 3271 40

895 3306 937 3358 c
981 3294 1390 3355 differentiam,
1419 3310 1538 3359 qua
1559 3294 1832 3346 Latitudo
1852 3292 2302 3357 Witebergenfis
2322 3290 2652 3356 Lipsensem

983 3367 1207 3418 excedit
1222 3366 1437 3417 Minut.
1454 3365 1573 3417 fere
1588 3366 1673 3417 28.
1697 3365 1928 3428 Quibus
1943 3365 2019 3416 ad
2034 3379 2183 3424 eam,
2206 3379 2341 3428 quae
2356 3361 2653 3485 Lipfi‘iaegst

2319 3449 2356 3486 a
2374 3448 2498 3498 prae
2540 3449 2559 3483 1
2615 3448 2651 3484 o
