2976 4264
491 317 560 369 74
993 310 1602 365 ASTRONOMIAE
1628 308 2194 361 INSTAURATAE

489 460 753 521 imputat,
785 470 918 506 cum
947 457 995 505 is
1024 457 1087 504 in
1113 452 1337 504 Libello
1365 453 1435 504 de
1462 450 1790 503 Astrolabio
1819 449 2146 511 Catholieo‚
2177 453 2279 514 qui
2303 450 2541 502 vltimus
2569 457 2693 503 erat
2740 462 2769 505 ἰ·

489 528 728 579 suorum
759 540 1022 589 operum,
1052 523 1225 588 longe
1252 523 1419 575 aliter
1446 523 1517 574 de
1544 521 1656 573 hac
1681 521 1861 573 Stella
1884 523 2253 585 pronunciat,
2284 522 2529 573 asserens
2559 538 2693 574 eam

488 598 638 649 vltra
657 597 867 647 Annos
894 596 967 647 ab
994 594 1132 645 hinc
1158 595 1228 645 40
1253 594 1491 645 distitisse
1513 609 1550 644 a
1568 592 1712 644 Polo
1735 598 1880 656 part.
1902 592 1951 643 3.
1973 594 2115 643 min.
2137 592 2186 652 8,
2215 592 2375 656 quod
2395 608 2432 644 a
2450 596 2692 645 veritate

488 668 624 732 ipsa,
644 682 824 731 quam
838 668 1154 717 minimum
1169 664 1541 729 discrepabat.
1564 663 1724 727 Quia
1736 678 1878 714 vero
1893 678 1985 714 res
1999 662 2130 714 haec
2144 663 2394 715 alicuius
2407 667 2693 716 momenti

487 739 731 798 videtur,
752 737 911 788 lubet
931 736 1052 800 ipsa
1073 736 1348 788 Gemmae
1366 735 1522 800 Frifij
1545 734 1726 786 verba
1746 749 1778 785 e
1799 732 1950 786 dicto
1965 734 2140 786 Libro
2157 734 2302 798 Cap.
2318 735 2367 786 9.
2388 733 2487 786 hic
2506 751 2691 787 anno·
2742 752 2765 786 ⁵

488 816 627 861 tare.
651 808 804 871 Quae
824 807 897 859 fic
916 806 1152 859 habent.

561 894 1028 945 Quemadmodum
1049 904 1148 936 nos
1161 893 1315 935 Anno
1334 892 1462 944 1547,
1486 891 1740 935 Decemb.
1761 891 1858 934 Die
1877 891 1945 943 13,
1968 891 2112 934 circa
2127 891 2328 934 sextam
2342 891 2694 946 uespertinam

491 953 890 997 obseruauImus
911 952 1181 1006 diligenter
1195 952 1370 995 Stellae
1384 951 1525 994 Fixae
1538 951 1880 994 Altitudinem
1899 950 2211 1002 maximam,
2234 963 2355 1004 quae
2370 951 2507 994 estin
2521 952 2695 994 cauda

488 1013 634 1055 Vrsae
654 1012 888 1067 minoris,
911 1023 1074 1065 quarn
1095 1011 1423 1066 Cynosuram
1443 1013 1655 1062 uocant,
1677 1011 1726 1053 P.
1743 1010 1815 1053 53.
1832 1012 1868 1055 l.
1885 1009 1957 1053 58.
1979 1009 2177 1052 Aufero
2197 1009 2320 1053 hinc
2342 1010 2694 1054 eleuationem

488 1071 594 1115 Poli
615 1071 1018 1122 Louaniensem‚
1048 1083 1168 1124 quae
1196 1070 1267 1113 est
1285 1071 1334 1113 P.
1357 1070 1429 1113 50.
1451 1071 1489 1115 l.
1511 1070 1583 1112 50.
1605 1069 1758 1112 Vnde
1778 1070 1938 1112 Stella
1956 1069 2045 1111 illa
2066 1081 2188 1123 quae
2207 1069 2402 1113 Polaris
2429 1070 2634 1123 dicitur,
2662 1082 2695 1113 a
2748 1083 2790 1117 ιο

488 1133 610 1174 Polo
632 1131 783 1173 distat
801 1131 849 1173 P.
872 1130 915 1173 3.
938 1130 1063 1172 min.
1087 1129 1129 1173 8.
1156 1129 1417 1183 Quicquid
1444 1129 1526 1184 alij
1551 1129 1617 1171 de
1643 1140 1707 1171 ea
1735 1128 1976 1172 scribant.
2004 1128 2203 1171 Aufero
2229 1128 2369 1172 hanc
2397 1129 2694 1172 distantiam

489 1202 554 1233 ex
582 1190 890 1244 quadrante,
921 1189 1189 1243 supersunt
1214 1191 1348 1243 part.
1371 1188 1443 1231 86.
1467 1188 1591 1230 min.
1613 1188 1686 1231 52.
1717 1188 1850 1231 Haec
1878 1187 1949 1231 est
1968 1199 2097 1231 uera
2118 1188 2291 1231 Stellae
2311 1188 2508 1232 Polaris
2529 1189 2695 1232 Decli-

488 1249 631 1292 natio
654 1249 836 1292 Borea.
860 1248 1009 1291 Idem
1029 1251 1277 1302 expertus
1299 1248 1412 1290 sum
1433 1247 1530 1290 Die
1552 1248 1799 1302 sequenti,
1822 1247 2055 1290 eiusdem
2068 1247 2206 1289 Anni
2223 1247 2352 1291 Hor.
2369 1248 2397 1291 6
2416 1248 2692 1301 matutina,

489 1320 613 1352 cum
634 1309 825 1351 eadem
843 1308 1001 1350 Stella
1022 1307 1302 1350 minimam
1323 1307 1584 1350 obtineret
1602 1307 1657 1349 in
1671 1306 2035 1361 septentrione
2047 1306 2406 1350 Altitudinem.
2431 1306 2585 1350 Hanc
2607 1308 2695 1351 ob-

491 1368 695 1411 seruaui
719 1370 845 1410 tunc
870 1366 1126 1421 temporis
1152 1370 1286 1421 part.
1307 1366 1380 1409 47.
1407 1366 1532 1409 min.
1554 1366 1611 1409 43
1639 1366 1764 1409 fere.
1794 1366 1927 1418 Quae
1954 1367 1989 1408 fi
2017 1378 2083 1409 ex
2108 1366 2278 1409 Polari
2296 1366 2580 1410 Altitudine
2607 1379 2695 1409 au·
2747 1380 2789 1414 15

490 1427 742 1478 ferantur,
768 1426 1067 1469 uidebimus
1092 1427 1298 1468 rursum
1325 1426 1622 1469 distantiam
1648 1426 1823 1469 Stellae
1843 1425 2039 1468 Polaris
2066 1437 2098 1467 a
2124 1426 2246 1469 Polo
2273 1428 2407 1480 part.
2429 1426 2473 1469 3.
2502 1426 2627 1469 min.
2649 1427 2692 1479 7,

490 1488 531 1529 81
551 1487 710 1540 paulo
731 1487 863 1540 plus,
885 1486 1025 1528 unde
1046 1486 1087 1527 81
1108 1486 1299 1528 eadem
1320 1485 1615 1528 Declinatio
1638 1485 1705 1527 ab
1728 1485 2026 1539 AEquatore
2046 1484 2318 1540 colligitur.

560 1546 792 1588 Demum
813 1545 1085 1588 auferatur
1105 1545 1326 1587 minima
1345 1545 1595 1596 Altitudo,
1619 1557 1741 1598 quae
1761 1547 1876 1587 erat
1895 1547 2028 1598 part.
2043 1543 2117 1587 47.
2133 1544 2258 1587 min.
2274 1544 2348 1596 43,
2370 1556 2437 1587 ex
2456 1544 2695 1588 maxima

491 1605 683 1648 scilicet
701 1607 835 1659 part.
857 1605 930 1647 53.
954 1605 1079 1647 min.
1101 1604 1175 1656 58,
1196 1604 1556 1658 relinquentur
1575 1607 1708 1658 part.
1731 1603 1774 1647 6.
1796 1603 1922 1646 min.
1949 1603 2017 1646 15.
2049 1603 2257 1646 Harum
2284 1603 2559 1646 dimidium
2586 1616 2697 1647 rur-

491 1665 604 1707 sum
629 1665 773 1707 ualet
797 1667 931 1718 part.
959 1664 1002 1706 3.
1031 1663 1156 1706 min.
1185 1663 1212 1706 8
1239 1663 1365 1715 fere,
1398 1675 1519 1717 quae
1546 1663 1616 1706 est
1642 1663 1882 1706 distantia
1908 1664 2083 1706 Stellae
2108 1663 2306 1706 Polaris
2333 1676 2365 1706 a
2390 1664 2530 1716 Polo,
2561 1666 2618 1706 ut
2642 1663 2695 1706 in
2744 1676 2791 1711 20
2882 1703 2889 1709 ,

488 1723 927 1778 praecedentibus,
949 1723 1090 1766 unde
1110 1724 1151 1766 8ι
1172 1723 1364 1766 eadem
1385 1722 1681 1765 Declinatio
1703 1722 1945 1777 sequitur.

558 1803 778 1855 Taliter
796 1802 1282 1867 praes’tantissimus
1302 1802 1399 1854 ille
1421 1802 1681 1854 Gemma
1702 1802 1773 1854 de
1795 1802 2103 1868 Cynosura
2128 1801 2301 1867 longe
2325 1801 2493 1854 aliter
2513 1818 2695 1867 quam

488 1874 686 1935 Filius,
713 1881 852 1926 tunc
871 1877 1151 1938 temporis
1174 1873 1429 1938 protulit,
1458 1873 1510 1925 &
1537 1874 1789 1926 eandem
1810 1876 1936 1925 eius
1956 1872 2348 1925 Altitudinem
2367 1880 2490 1926 tam
2508 1876 2693 1926 maxi-

487 1961 650 1998 mam
677 1961 859 2010 quam
884 1948 1196 1997 minimam
1220 1945 1483 2009 sequenti
1511 1945 1719 2010 Capite
1746 1947 1967 2009 repetit,
1996 1950 2057 1996 vt
2082 1944 2316 1996 nullum
2342 1945 2589 1997 dubium
2614 1944 2693 2006 fit,

487 2033 768 2068 numeros
797 2016 908 2068 hos
937 2015 1088 2069 redte
1117 2016 1440 2068 secundum
1466 2019 1592 2068 eius
1618 2023 1879 2068 mentem
1905 2016 2179 2068 constare.
2212 2015 2413 2079 Quare
2441 2019 2693 2081 cogitare
2742 2032 2789 2067 25

487 2091 587 2139 vix
612 2089 848 2153 possum,
876 2104 981 2139 cur
1002 2087 1317 2140 Cornelius
1337 2103 1374 2139 a
1393 2088 1640 2139 Parente
1666 2087 1817 2139 adeo
1844 2087 2061 2139 dissona
2079 2087 2400 2151 protulerit.
2426 2087 2695 2152 Suspicor

488 2166 687 2211 tamen
709 2159 969 2223 quadam
989 2159 1103 2211 loci
1124 2162 1280 2210 citati
1299 2157 1760 2223 introspectionis
1786 2161 2017 2210 incuria
2038 2159 2098 2211 id
2117 2158 2202 2210 illi
2223 2159 2523 2224 contigisse,
2551 2159 2695 2211 dum

487 2233 551 2281 in
563 2230 974 2282 Declinatione
987 2230 1181 2283 Stellae
1193 2246 1300 2294 pro
1312 2231 1381 2282 52
1393 2232 1598 2281 minut.
1612 2229 2066 2290 adhaerentibUS‚
2081 2229 2179 2281 ille
2193 2230 2262 2282 25
2276 2246 2381 2295 per
2394 2229 2693 2294 transposi-

487 2305 711 2353 tionem
729 2309 1007 2354 notarum
1022 2301 1327 2353 oscitanter
1342 2304 1668 2366 arripuerit,
1690 2301 1838 2353 alias
1851 2301 2019 2353 nulla
2031 2301 2213 2353 subest
2227 2301 2536 2363 excusati0‚
2559 2316 2693 2366 quae

488 2379 688 2425 tamen
712 2389 816 2437 per
837 2373 893 2424 se
913 2389 1126 2437 parum
1145 2376 1329 2434 iuuat,
1356 2372 1641 2437 siquidem
1662 2388 1734 2424 ex
1753 2379 1875 2424 toto
1898 2378 2174 2424 contextu
2192 2388 2317 2424 non
2336 2372 2513 2424 semel
2533 2372 2692 2424 colli·
2742 2388 2790 2424 30

488 2447 638 2509 gitur
659 2444 981 2510 Cynosurae
1003 2461 1039 2496 a
1059 2444 1203 2496 Polo
1224 2447 1615 2496 remotionem
1638 2450 1777 2496 tunc
1802 2443 1959 2495 fuisse
1978 2444 2130 2495 vltra
2148 2444 2306 2509 grad.
2328 2444 2377 2495 3.
2401 2441 2419 2510 Ι
2425 2485 2436 2496 .
2458 2445 2507 2496 7.
2528 2443 2624 2496 vel
2642 2444 2692 2496 8.

489 2516 890 2580 Nequaquam
909 2522 1110 2567 autem
1132 2513 1167 2581 l.
1189 2515 1257 2567 35
1278 2521 1338 2567 vt
1356 2515 1454 2567 hic
1473 2515 1676 2567 voluit.

560 2586 737 2649 Quod
765 2603 907 2638 vero
937 2590 1141 2639 omnia
1170 2603 1207 2638 a
1235 2587 1479 2639 Seniore
1510 2586 1769 2639 Gemma
1798 2589 1950 2638 circa
1981 2586 2469 2638 Obseruationem
2497 2585 2692 2652 Cyno-

487 2657 636 2708 surae
665 2658 910 2721 prolata,
941 2660 1047 2710 rite
1076 2658 1132 2710 se
1161 2657 1436 2718 habeant,
1468 2657 1520 2709 &
1548 2657 1681 2709 satis
1709 2657 1860 2709 bene
1890 2657 1966 2710 ad
1994 2657 2164 2709 illum
2189 2658 2439 2709 Annum
2463 2673 2693 2709 normae

490 2728 717 2780 Caelesti
744 2729 1248 2793 correspondeant,
1276 2729 1484 2780 nostrae
1504 2732 1568 2780 in
1589 2729 1798 2781 eadem
1819 2728 2274 2781 obseruationes
2299 2729 2694 2781 testimonium
2742 2745 2789 2780 35

488 2799 881 2851 indubitatum
900 2800 1179 2864 praebent,
1200 2806 1260 2851 vt
1279 2801 1459 2852 modo
1480 2800 1887 2852 indicabimus,

560 2870 647 2921 Ex
680 2886 799 2934 quo
833 2873 985 2923 circa
1016 2870 1199 2922 finem
1230 2871 1410 2923 huius
1442 2872 1570 2924 1589
1602 2872 1783 2932 Anni,
1823 2871 2003 2923 Stella
2034 2871 2258 2923 Polaris
2290 2887 2328 2923 a
2358 2871 2502 2923 Polo
2535 2871 2694 2923 distet

488 2948 633 3005 part.
654 2942 703 2992 2.
728 2939 763 3006 l.
785 2942 884 2995 54}
903 2942 1154 3006 praecise‚
1178 2942 1229 2993 &
1249 2942 1543 3007 interlapfi
1567 2942 1674 2994 fint
1694 2941 1768 2994 ab
1791 2941 2216 2994 Obseruatione
2238 2942 2513 2994 Gemmae
2533 2942 2689 3008 Frifij

489 3012 652 3063 Anni
680 3013 766 3073 42,
801 3013 1013 3076 quibus
1042 3013 1146 3064 illa
1174 3013 1231 3064 14
1262 3011 1297 3078 l.
1329 3014 1807 3065 Declinationem
1834 3016 2120 3074 minuere,
2155 3013 2207 3064 81
2236 3016 2627 3065 remotionem
2656 3029 2693 3066 a

490 3082 633 3133 Polo
648 3083 939 3148 adaugere
955 3085 1240 3135 necessum
1254 3083 1474 3145 habuit,
1491 3084 1689 3136 debuit
1704 3100 1776 3136 ex
1790 3084 1983 3136 nostra
1997 3100 2234 3149 quoque
2251 3084 2692 3145 Obseruatione,
2741 3100 2789 3135 40

490 3154 699 3205 additis
719 3154 986 3206 videlicet
1005 3157 1146 3206 min.
1169 3155 1225 3206 14
1245 3155 1359 3206 illis
1380 3159 1532 3207 circa
1551 3155 1733 3207 finem
1747 3156 1911 3207 Anni
1929 3156 2073 3217 1547,
2094 3159 2484 3207 remotionem
2498 3171 2536 3208 a
2548 3155 2692 3207 Polo

491 3224 752 3275 obtinere
763 3232 907 3289 part.
921 3225 969 3276 3.
986 3223 1020 3290 l.
1034 3226 1113 3286 ὃὲ,
1130 3226 1289 3289 quod
1300 3226 1501 3277 saltem
1513 3227 1756 3278 dimidio
1767 3226 2038 3291 scrupulo
2050 3226 2224 3291 ipfius
2237 3227 2693 3291 designationem

491 3296 729 3356 excedit,
757 3299 1057 3347 autetiam
1078 3292 1098 3364 ΙΙ
1119 3297 1194 3348 ad
1219 3296 1515 3348 summum
1534 3300 1725 3358 vn100‚
1752 3297 1794 3348 fi
1819 3297 2145 3349 admodum
2169 3297 2497 3362 scrupulose
2517 3297 2692 3361 ipfius
2723 3305 2811 3349 560

491 3366 944 3418 Obseruationes
976 3370 1275 3428 rimemur,
1310 3368 1469 3432 quod
1502 3368 1723 3419 nullius
1753 3368 1872 3420 fere
1903 3368 1978 3419 est
2005 3372 2308 3430 momenti,
2340 3368 2692 3433 facilemque

2258 3439 2692 3491 excusationem
