2976 4264
481 328 587 379 400
1020 321 1712 376 ANNoTAT1oNEs
1740 308 2144 374 EDITORIS

542 466 609 508 ad
636 477 683 518 p.
707 464 864 520 201,24]
891 463 1167 506 Problema
1194 462 1531 505 vicesimum:
1568 462 1668 503 »Ex
1695 460 1827 503 binis
1854 460 2197 504 Phoenomeni
2224 460 2683 504 obseruationibus

483 546 797 590 quacunque
826 534 996 576 noctis
1021 536 1337 587 tempestate
1365 533 1534 584 factis,
1564 531 1784 586 cognitis
1811 531 1923 574 eius
1944 544 1976 574 a
1997 531 2203 574 duabus
2229 531 2348 574 fixis
2372 532 2684 585 quibuscun-

482 618 582 661 que
610 605 880 659 distantijs,
910 607 960 647 et
987 604 1228 647 omnium
1254 604 1414 646 trium
1436 602 1811 655 altitudinibus,
1839 602 2157 646 Parallaxeis
2177 602 2288 646 eius
2307 613 2464 645 veras
2485 604 2554 645 ad
2574 615 2685 646 eas-

481 679 604 720 dem
625 677 708 719 vel
730 675 1027 718 altitudines
1050 675 1179 718 alias
1202 686 1546 729 quascunque
1567 675 1711 725 dare,
1741 674 2035 717 dummodo
2063 674 2355 717 earundem
2376 673 2537 716 etiam
2557 674 2684 716 fixa-

480 761 600 790 rum
622 747 868 790 distantia
889 746 1262 789 obseruatione
1284 746 1493 800 cognita
1513 745 1712 788 fuerit«.

541 819 609 861 ad
628 831 677 872 p.
699 817 844 874 202‚7]
877 817 980 860 vid.
1008 816 1092 859 De
1118 816 1311 859 mundi
1335 816 1460 860 aeth.
1490 827 1596 858 rec.
1622 815 1807 870 phaen.
1836 828 1921 870 pp.
1955 815 2186 858 144—158
2212 819 2264 858 et
2289 816 2511 870 epistula
2537 816 2586 858 d.
2613 815 2680 858 12.

480 902 549 933 m.
573 890 688 932 Oct.
712 901 758 931 a.
786 888 892 931 1581
919 888 987 931 ad
1009 888 1304 943 Hagecium
1324 887 1536 941 scripta.

540 961 608 1003 ad
627 973 676 1015 p.
699 959 855 1016 203,³4]
884 960 963 1002 De
990 959 1097 1002 vita
1125 959 1374 1002 Iohannis
1401 959 1527 1011 Dee,
1560 958 1663 1012 qui,
1695 969 1820 1001 cum
1848 958 1916 1000 ad
1942 958 2244 1012 disciplinas
2274 957 2683 1001 mathematicas

479 1031 684 1087 ingenio
706 1030 981 1074 destitutus
1002 1042 1109 1074 non
1130 1033 1282 1082 esset,
1310 1029 1466 1072 simul
1486 1032 1668 1072 tamen
1688 1029 1938 1084 theurgus
1959 1031 2073 1072 erat
2093 1032 2145 1072 et
2163 1029 2438 1083 impostor,
2462 1028 2550 1083 qui
2569 1040 2684 1083 cry-

480 1103 615 1146 stalli
634 1102 907 1157 sphaeram
926 1101 1133 1144 intuens
1153 1101 1433 1144 hominum
1454 1101 1566 1144 fata
1586 1100 1909 1155 praesagiret,
1931 1100 2035 1142 vid.
2058 1100 2189 1143 liber
2207 1112 2368 1154 supra
2390 1101 2458 1142 ad
2477 1112 2526 1154 p.
2547 1099 2683 1152 184,³³

481 1175 684 1217 allatus.
709 1173 938 1217 Libellus
958 1173 1085 1228 ejus,
1108 1172 1195 1226 qui
1215 1172 1517 1215 inscribitur
1535 1170 1882 1214 Parallaticae
1901 1169 2389 1214 commentationis
2410 1170 2684 1213 Praxeos-

480 1256 585 1299 que
604 1245 660 1287 N
663 1244 854 1287 ucleus
875 1242 1112 1297 quidam,
1135 1243 1328 1297 prodiit
1349 1243 1574 1286 Londini
1598 1243 1731 1294 1573;
1755 1242 1988 1285 continet
2012 1243 2064 1284 15
2084 1242 2192 1285 foll.
2215 1242 2268 1284 in
2288 1242 2357 1284 4⁰.

540 1317 608 1359 ad
626 1328 676 1371 p.
698 1314 856 1372 204‚12]
882 1314 1066 1358 Evenit
1085 1315 1188 1358 hoc
1211 1326 1394 1357 mense
1416 1314 1609 1357 Martio
1631 1326 1677 1356 a.
1705 1313 1838 1365 1589;
1868 1313 1935 1356 cf.
1958 1313 2215 1364 Scheibel,
2244 1311 2565 1366 Einleitung
2585 1323 2689 1355 zur

479 1385 978 1430 mathematischen
998 1385 1518 1428 Biicherkenntniss
1538 1384 1891 1443 (Vratislaviae
1916 1384 2046 1441 1787)
2068 1384 2137 1426 III
2158 1396 2207 1438 p.
2234 1383 2332 1427 154.

540 1459 608 1501 ad
627 1471 676 1513 p.
698 1457 821 1510 206,⁹
841 1457 856 1515 ]
878 1457 996 1501 Ηοο
1017 1458 1137 1500 loco
1158 1467 1255 1511 pro
1281 1456 1578 1501 »Octobris«
1603 1459 1902 1499 erratorum
1922 1455 2081 1498 index
2097 1454 2255 1498 scribi
2264 1455 2413 1510 jubet
2430 1455 2684 1498 »Nouem-

480 1530 637 1582 bris«;
661 1529 726 1572 cf.
748 1532 878 1573 tom.
902 1529 948 1571 ΙΙ
969 1541 1054 1583 pp.
1076 1528 1165 1570 452
1185 1539 1262 1582 sq.

540 1601 607 1644 ad
627 1613 676 1655 p.
698 1600 856 1657 207,11]
876 1599 979 1643 vid.
1009 1599 1221 1643 Aristot.
1249 1598 1531 1642 Meteorol.
1565 1599 1585 1641 I
1616 1598 1731 1642 6-7
1762 1610 1846 1653 pp.
1874 1598 2003 1641 343b
2035 1600 2086 1641 et
2114 1597 2256 1640 345a.
2291 1597 2473 1652 Neque
2501 1600 2684 1640 tamen

481 1674 774 1727 congruunt
794 1671 938 1722 anni;
962 1671 1245 1714 archontes
1265 1670 1405 1714 enim
1421 1670 1639 1713 Athenis
1658 1669 1870 1713 fuerunt
1887 1670 2072 1712 Eucles
2088 1668 2315 1712 Molonis
2334 1669 2471 1712 filius
2492 1681 2538 1712 a.
2563 1672 2684 1712 ante

481 1743 598 1787 Chr.
621 1756 670 1786 n.
692 1743 795 1794 427,
823 1742 1077 1785 Aristaeus
1097 1741 1309 1799 (rectius
1329 1741 1555 1798 Asteius)
1574 1741 1677 1792 373,
1708 1741 2070 1784 Nicomachus
2090 1740 2193 1792 341,
2222 1742 2273 1783 et
2293 1741 2436 1794 quod
2456 1741 2522 1784 de
2543 1752 2682 1784 anno

479 1814 567 1857 410
582 1814 915 1857 Camerarius
932 1813 1177 1867 loquitur,
1198 1813 1396 1856 falsum
1410 1815 1489 1855 est
1508 1813 1573 1869 (a.
1590 1812 1676 1855 403
1694 1812 1897 1855 archon
1912 1815 2026 1855 erat
2040 1811 2343 1868 Eucleides).
2367 1812 2447 1854 De
2462 1812 2684 1855 cometis

481 1897 744 1929 annorum
755 1884 841 1928 427
854 1887 905 1927 et
915 1884 997 1927 341
1013 1884 1139 1926 nihil
1149 1884 1389 1937 traditur,
1407 1886 1460 1926 at
1471 1884 1604 1927 bene
1616 1886 1772 1927 notus
1784 1886 1863 1926 est
1874 1885 2087 1927 cometa
2099 1895 2145 1926 a.
2159 1883 2247 1926 372
2257 1882 2453 1940 (Pingre
2466 1883 2486 1925 I
2498 1895 2548 1937 p.
2561 1882 2681 1940 259).

541 1957 609 1999 ad
629 1969 677 2011 p.
699 1956 858 2013 218‚17]
892 1956 1121 1999 Libellus
1150 1956 1235 1999 hic
1265 1955 1566 1999 inscribitur
1593 1954 1677 1997 De
1706 1954 1867 1997 Nova
1900 1953 2090 1998 Stella.
2122 1953 2388 1997 ivdicivm
2424 1953 2686 2009 Cypriani

481 2026 719 2071 Leovitii
731 2038 763 2070 a
779 2026 1056 2079 Leonicia,
1079 2025 1474 2079 Mathematici,
1499 2026 1567 2068 de
1588 2036 1732 2069 noua
1750 2024 1923 2069 Stella
1938 2025 2062 2068 siue
2081 2024 2321 2078 Cometa,
2347 2024 2468 2068 Viso
2487 2035 2684 2068 mense

479 2097 782 2141 Novembri
796 2131 806 2140 .
826 2131 835 2140 .
855 2130 865 2140 .
882 2099 1207 2153 Impressum
1230 2098 1480 2152 Lavingae
1503 2098 1571 2140 ad
1592 2097 1898 2140 Danubium
1922 2097 2034 2140 1573
2053 2096 2122 2154 (d.
2144 2096 2216 2140 20.
2239 2109 2310 2139 m.
2333 2097 2503 2149 Febr.;
2525 2096 2554 2139 4
2574 2097 2681 2141 foll.

480 2170 533 2212 in
551 2170 639 2227 4⁰).
666 2170 864 2213 Iterum
884 2169 1052 2212 editus
1074 2171 1152 2212 est
1172 2169 1364 2213 eodem
1385 2181 1524 2212 anno
1546 2169 1598 2211 in
1618 2168 1751 2212 libro
1773 2168 1858 2210 De
1878 2178 2022 2211 nova
2043 2168 2207 2211 stella
2228 2167 2432 2210 ivdicia
2454 2167 2681 2210 dvorvm

475 2240 854 2296 praestantivm
883 2240 1393 2283 mathematicorvm
1416 2239 1481 2282 D.
1509 2238 1771 2294 Cypriani
1790 2238 2030 2294 Leovitij
2046 2250 2078 2282 a
2101 2239 2363 2282 Leonicia
2388 2240 2445 2283 et
2465 2239 2531 2282 D.
2558 2238 2685 2283 Cor-

479 2311 616 2367 nelij
635 2311 886 2356 Gemmae
905 2311 964 2369 (s.
987 2313 1036 2364 1.‚
1059 2311 1086 2355 8
1107 2312 1213 2355 foll.
1235 2311 1288 2354 in
1307 2311 1394 2367 40).

540 2384 609 2427 ad
628 2396 676 2438 p.
699 2383 857 2441 219,11]
879 2383 945 2427 cf.
967 2386 1097 2427 tom.
1121 2384 1166 2426 II
1187 2395 1236 2437 p.
1258 2382 1361 2426 455.

540 2456 608 2498 ad
628 2467 676 2510 p.
698 2455 821 2507 221,⁶
840 2455 856 2512 ]
876 2456 1071 2498 Praeter
1090 2455 1193 2497 alia
1213 2455 1451 2497 ediderat
1466 2453 1737 2497 Leovitius
1750 2452 2181 2507 Ephemeridvm
2199 2463 2401 2496 novvm
2422 2454 2586 2507 atqve
2603 2453 2684 2496 in-

480 2526 638 2580 signe
660 2536 801 2580 opvs
821 2525 890 2569 ab
909 2525 977 2568 A.
1000 2525 1065 2568 D.
1092 2526 1207 2568 1556
1229 2536 1404 2579 vsqve
1424 2524 1479 2567 in
1505 2524 1619 2568 1606
1643 2524 1912 2581 (Augustae
1931 2525 2330 2568 Vindelicorum
2355 2525 2482 2577 1557,
2511 2525 2539 2567 2
2559 2526 2680 2568 voll.

480 2598 531 2640 in
550 2597 676 2655 fol.)‚
706 2609 810 2652 quo
831 2597 1031 2652 Tycho,
1059 2600 1117 2640 ut
1137 2608 1262 2640 cum
1283 2596 1743 2640 observationibus
1764 2596 1871 2639 suis
1892 2599 2248 2651 compararet,
2276 2608 2420 2651 saepe
2440 2608 2567 2639 usus
2588 2599 2680 2639 est.

540 2669 609 2712 ad
629 2681 677 2723 p.
699 2668 857 2726 221,11]
877 2669 950 2711 Io.
967 2668 1392 2722 Regiomontani
1411 2667 1633 2711 Tabulae
1654 2667 2011 2710 directionum
2031 2700 2041 2710 .
2061 2699 2071 2710 .
2091 2700 2101 2709 .
2118 2678 2241 2710 cum
2267 2666 2468 2710 tabulis
2488 2677 2685 2710 ascen-

480 2739 656 2783 sionis
676 2739 910 2793 obliquae
930 2740 1002 2783 ad
1017 2740 1210 2794 plures
1229 2740 1434 2794 gradus
1455 2737 1759 2783 altitudinis
1779 2738 1898 2793 poli
1918 2738 2216 2793 productis.
2246 2740 2340 2782 Per
2359 2739 2682 2794 Cyprianum

480 2811 777 2855 Leovitium
795 2810 1064 2868 (Augustae
1084 2811 1484 2855 Vindelicorum
1508 2811 1636 2863 1552,
1658 2810 1711 2852 in
1730 2809 1819 2867 4⁰).

539 2883 607 2925 ad
626 2894 675 2937 p.
698 2882 854 2939 221,17]
883 2883 1014 2925 Cum
1042 2882 1306 2937 Cypriano
1333 2883 1516 2937 Tycho
1547 2893 1861 2937 congressus
1890 2884 2004 2924 erat
2034 2893 2174 2925 anno
2208 2881 2320 2925 1568
2351 2884 2443 2924 aut
2470 2881 2681 2924 ineunte

479 2965 618 2997 anno
644 2953 770 2997 1569.

540 3025 607 3067 ad
627 3037 675 3079 p.
698 3024 844 3082 223,3]
878 3025 1054 3068 Exitus
1083 3025 1241 3068 libelli
1269 3025 1355 3068 hic
1386 3028 1483 3068 est:
1523 3024 1808 3068 »Iudicium
1838 3024 2000 3067 breve
2030 3024 2096 3066 de
2126 3023 2280 3068 Noua
2310 3023 2484 3076 Stella,
2514 3023 2682 3066 tribus

479 3096 745 3151 sententijs
766 3096 1229 3151 comprehensum.
1252 3096 1349 3140 Vae
1369 3096 1541 3151 regnis
1562 3098 1614 3139 et
1633 3094 2028 3150 principatibus,
2058 3106 2286 3149 quorum
2308 3096 2468 3149 Reges
2488 3095 2529 3138 8ι
2548 3094 2683 3137 Prin-

480 3166 622 3220 cipes
652 3167 802 3221 pueri
833 3170 924 3210 aut
957 3167 1260 3222 alienigenae
1290 3167 1451 3210 futuri
1477 3170 1612 3210 sunt.
1645 3166 1689 3210 O
1717 3166 1969 3209 miseram
1998 3177 2062 3209 ac
2088 3166 2414 3210 horrendam
2442 3165 2682 3210 omnium

478 3249 658 3280 rerum
679 3237 888 3290 faciem,
910 3242 1127 3293 propter
1144 3238 1323 3282 uarias
1344 3237 1698 3290 confusiones,
1722 3249 1785 3280 ac
1802 3237 1943 3280 diras
1957 3248 2249 3291 pressuras,
2270 3240 2383 3280 tam
2398 3237 2450 3280 in
2463 3236 2682 3292 negotijs

479 3308 739 3363 religionis
766 3321 928 3363 quam
955 3309 1194 3353 ciuilibus
1222 3309 1532 3353 actionibus.
1563 3310 1622 3351 Et
1649 3319 1755 3351 non
1782 3308 2051 3352 auferetur
2076 3311 2347 3363 sceptrum
2373 3320 2405 3351 a
2427 3308 2485 3351 G.
2509 3308 2680 3351 donec

479 3379 656 3422 veniat
676 3380 796 3423 Silo.
818 3380 900 3423 Ad
920 3383 1219 3424 extremum
1240 3382 1280 3424 8ι
1301 3381 1404 3424 hoc
1427 3380 1697 3435 diligenter
1716 3380 2012 3423 notandum
2033 3382 2126 3431 est,
2151 3379 2374 3423 effectus
2393 3378 2681 3434 propositae
