2976 4264
489 335 582 387 100
990 325 1600 382 ASTRONOMIAE
1626 324 2193 378 INSTAURATAE

561 473 895 526 Quapropter
906 470 994 513 etsi
1007 469 1072 511 de
1086 469 1189 512 hoc
1203 468 1374 520 Nouo,
1388 469 1429 511 81
1440 478 1580 510 nunc
1595 465 1829 520 primum
1843 467 1969 509 nato
1985 465 2180 518 Sidere,
2197 467 2372 521 aliqua
2386 468 2440 510 in
2454 468 2690 511 medium

490 532 698 575 adferre
712 528 1087 574 constituerim:
1109 531 1292 571 tamen
1307 527 1372 570 de
1387 527 1499 571 eius
1514 524 1864 581 generatione,
1881 525 1922 567 81
1938 525 2126 579 quibus
2140 526 2432 570 rationibus
2447 527 2690 580 extiterit,

488 603 575 634 me
595 590 720 633 nihil
742 589 1015 631 affirmare
1037 587 1192 641 posse,
1220 587 1442 641 ingenue
1467 585 1661 628 fateor:
1691 584 1778 627 sed
1805 584 1971 627 solum
1998 596 2078 637 ea,
2108 596 2229 639 quae
2251 586 2691 630 Mathematicam

489 648 962 694 considerationem
993 645 1239 700 spectant,
1271 645 1553 688 excutiam.
1589 643 1781 687 Dicam
1810 642 1951 686 enim
1981 644 2046 687 de
2076 644 2203 696 eius,
2236 656 2341 699 quo
2371 646 2440 688 ad
2469 645 2622 689 Fixas
2651 647 2692 689 δι

489 707 703 752 Ζοᾱίειοί
724 706 998 761 Longitud.
1022 705 1484 759 Latitudinemque
1510 704 1699 759 positu:
1729 703 1794 745 de
1820 702 1975 757 ipsius
1997 715 2029 746 a
2047 703 2209 747 Terra
2233 704 2423 748 Centro
2450 705 2690 758 uniuersi,

487 767 803 811 remotione:
825 776 923 808 nec
944 776 1052 808 non
1073 765 1137 807 de
1158 764 1390 807 eiusdem
1406 762 1780 818 Magnitudine‚
1803 762 2027 805 Lumine
2042 763 2083 805 ἃ
2098 763 2301 813 Colore,
2324 763 2514 818 quibus
2531 764 2693 808 etiam

489 828 554 871 de
574 826 728 869 huius
749 824 923 868 Stellae
944 822 1234 876 effectibus,
1257 824 1324 867 ab
1345 822 1636 877 Astrologia
1655 821 1846 876 petitas
1866 820 2198 866 coniecturas
2219 823 2542 878 subiungam.
2565 821 2586 883 ΙΙ

599 983 707 1034 DE
733 980 975 1033 HVIVS
1002 979 1245 1033 NOVAE
1271 978 1589 1033 STELLAE
1615 978 1703 1030 IN
1731 978 1984 1039 COELO‚
2013 978 2180 1042 QVO
2206 979 2323 1031 AD
2351 980 2581 1033 FIXAS

851 1062 1143 1124 POSITV,
1172 1062 1271 1115 ET
1297 1062 1532 1115 IPSIVS
1558 1060 1953 1114 RESPECTV
1978 1061 2332 1124 ZODIACI,

979 1145 1545 1199 LONGITVDINE
1571 1144 1670 1197 ET
1696 1144 2203 1197 LATITVDINE.

559 1239 985 1295 conspiciebatur
1004 1239 1124 1282 haec
1144 1249 1331 1282 recens
1351 1240 1477 1281 nata
1498 1238 1658 1282 Stella
1677 1237 1730 1280 in
1750 1237 1955 1280 Boreali
1973 1237 2102 1281 Coeli
2120 1238 2290 1292 plaga,
2311 1238 2492 1282 uersus
2511 1239 2693 1282 Polum

486 1299 771 1351 Artificum,
792 1299 939 1342 iuxta
954 1298 1404 1342 constellationem
1417 1297 1602 1355 (quam
1616 1297 1834 1340 Veteres
1851 1296 1992 1352 Magi
2006 1297 2330 1351 Cassiopeam
2346 1298 2696 1352 appellarunt)

486 1360 660 1403 uicina
678 1371 863 1413 paruae
876 1358 952 1401 isti
969 1358 1161 1409 Stellae,
1184 1369 1305 1412 quae
1320 1357 1458 1400 estin
1472 1356 1752 1400 Cathedrae
1773 1356 1950 1400 medio
1971 1357 2109 1409 loco,
2131 1356 2407 1400 modicum
2421 1357 2489 1400 ab
2505 1368 2569 1400 ea
2582 1369 2696 1401 uer-

489 1420 570 1462 sus
591 1419 860 1473 Cepheum
886 1420 1110 1461 remota.
1139 1416 1495 1460 Constituebat
1514 1416 1675 1460 etiam
1696 1427 1821 1459 cum
1842 1416 2088 1471 suprema
2108 1416 2404 1469 Cathedrae,
2426 1417 2467 1459 81
2488 1429 2553 1460 ea
2574 1429 2695 1472 quae

486 1479 538 1521 in
558 1477 771 1533 pectore
791 1476 1011 1520 Schedir
1031 1477 1342 1531 appellatur,
1364 1487 1534 1530 eaque
1555 1487 1676 1530 quae
1695 1475 1842 1518 iuxta
1864 1475 2289 1519 incuruationem
2311 1476 2380 1519 ad
2400 1476 2494 1519 Ilia
2512 1476 2695 1529 tendit,

486 1538 729 1593 Figuram
751 1536 1181 1591 quadrilateram.
1210 1535 1313 1578 Sed
1332 1538 1390 1578 ut
1407 1538 1523 1579 tota
1541 1547 1627 1579 res
1646 1535 1834 1578 melius
1861 1535 2224 1590 cognoscatur,
2251 1535 2552 1590 praecipuas
2573 1535 2697 1579 Stel-

486 1599 565 1640 las
586 1597 779 1641 Sideris
800 1596 1099 1650 Cassiopeae,
1126 1608 1234 1638 una
1255 1606 1380 1638 cum
1399 1594 1555 1638 huius
1577 1594 1748 1638 Nouae
1769 1595 1838 1638 ad
1857 1594 1975 1638 illas
2000 1595 2185 1649 positu,
2214 1594 2380 1638 oculis
2406 1594 2693 1650 subijciam.

559 1657 870 1700 Distantiam
895 1667 1026 1699 uero
1053 1654 1208 1698 huius
1228 1655 1403 1698 Stellae
1424 1667 1456 1697 a
1476 1653 1612 1697 Fixis
1638 1653 1899 1709 aliquibus
1921 1654 1976 1697 in
2000 1654 2103 1697 hac
2125 1653 2410 1709 Cassiopeae
2431 1654 2697 1698 constella-

486 1716 645 1768 tione,
679 1715 932 1770 exquifito
963 1715 1329 1766 Instrumento‚
1364 1714 1405 1756 81
1438 1713 1678 1757 omnium
1707 1713 2035 1757 minutorum
2065 1713 2268 1768 capaci,
2303 1713 2578 1768 aliquoties
2609 1715 2697 1758 ob-

1629 1773 1848 1816 seruaui.
1877 1773 2061 1816 Inueni
2086 1776 2266 1817 autem
2289 1785 2411 1817 eam
2431 1773 2698 1818 remoueri

1629 1833 1696 1875 ab
1717 1844 1798 1885 ea,
1821 1844 1942 1887 quae
1962 1833 2033 1876 est
2052 1832 2107 1876 in
2119 1831 2348 1885 Pectore,
2370 1832 2591 1876 Schedir
2610 1845 2698 1888 ap-

1627 1893 1821 1947 pellata
1847 1893 1902 1945 B,
1931 1893 1957 1935 7
1983 1895 2117 1947 part.
2146 1893 2187 1935 81
2212 1893 2270 1935 55
2292 1892 2417 1936 min.
2441 1905 2474 1936 a
2494 1892 2698 1936 Lucida

1626 1963 1757 1995 uero
1779 1952 1932 1995 Sellae
1952 1952 2011 2004 G,
2033 1954 2167 2007 part.
2189 1953 2232 1995 5.
2254 1951 2380 1996 min.
2401 1952 2482 1996 21:
2505 1965 2538 1995 a
2558 1952 2698 1996 Flex-

1627 2023 1726 2054 ura
1737 2011 1977 2065 denique,
1992 2012 2033 2054 ἃ
2045 2023 2109 2054 ea
2121 2023 2242 2066 quae
2252 2011 2399 2054 iuxta
2407 2011 2501 2055 Ilia
2510 2012 2574 2064 D,
2585 2012 2613 2054 5
2621 2024 2694 2067 gr.

1632 2071 1650 2113 l
1684 2070 1810 2114 min.
1845 2071 1920 2113 Ex
1948 2070 2030 2114 his
2059 2071 2309 2126 distantijs
2341 2071 2496 2115 huius
2525 2071 2697 2115 Nouae

1628 2130 1804 2173 Stellae
1824 2142 1857 2172 a
1877 2129 2026 2173 dietis
2046 2130 2197 2182 Fixis,
2225 2130 2381 2185 ipsius
2406 2131 2556 2174 locus
2575 2131 2698 2175 inci-

1629 2189 1718 2241 dit,
1747 2191 1852 2243 quo
1879 2190 1948 2232 ad
1969 2189 2373 2245 Longitudinem
2399 2190 2453 2233 in
2478 2191 2504 2233 7
2527 2202 2600 2246 gr.
2623 2189 2695 2248 8,

1629 2260 1754 2292 cum
1766 2249 2065 2292 Latitudine
2076 2249 2480 2303 Septentrionali
2492 2249 2551 2292 54
2561 2252 2695 2305 part.

1628 2308 1944 2363 paucissimis
1964 2308 2244 2363 utrobique
2265 2308 2510 2365 neglectis
2532 2309 2699 2353 minu-

530 2414 553 2445 B
574 2402 704 2446 pedm
717 2401 876 2450 Schedir
1627 2367 1709 2420 tis,
1747 2367 1906 2436 idque
1943 2367 2262 2437 potisiimum
2299 2380 2396 2423 per
2423 2369 2572 2438 duas·
2586 2369 2699 2438 ulti-

534 2465 801 2525 ecfngutum.
878 2436 888 2449 ’
1629 2428 2698 2542 2¹22?fft‘ffl‘ssssffinsssatfflissufiffiffis

531 2540 568 2577 D
585 2532 746 2578 flexura
762 2535 813 2579 ad
826 2533 909 2580 Ilia.
1631 2546 1770 2589 Nam
1785 2547 1821 2589 fi
1835 2546 2029 2590 harum
2050 2547 2278 2590 duarum
2292 2547 2539 2591 Fixarum
2558 2548 2695 2600 loca,

529 2615 560 2652 E
575 2609 694 2647 Genu.
777 2607 900 2647 FPes.
1630 2606 1918 2649 secundum
1948 2606 2355 2661 Longitudinem
2381 2608 2423 2650 81
2448 2606 2699 2651 Latitudi-

522 2675 749 2727 Gsuprema
765 2669 865 2714 cath
886 2686 897 2715 :
1628 2677 1754 2708 nem
1773 2668 1917 2718 nota,
1938 2666 2428 2721 praesupponamus,
2450 2678 2558 2711 non
2574 2667 2699 2710 late-

524 2743 559 2780 Η
573 2735 705 2780 Masta
722 2735 918 2783 (atbair
1629 2724 1704 2768 bit
1723 2724 1966 2768 Scientiae
1983 2725 2385 2780 Triangulorum
2405 2725 2698 2781 Sphaerico-

535 2810 552 2848 Ι
576 2813 690 2852 Noua
719 2805 831 2849 Stena
1628 2796 1749 2827 rum
1763 2796 1945 2839 gnaro,
1968 2784 2106 2828 Noui
2120 2785 2314 2828 Sideris
2329 2785 2396 2828 ab
2412 2785 2700 2840 AEquinoc-

835 2842 845 2851 ’
1627 2844 1701 2887 tio
1710 2843 1888 2887 Verno
1898 2843 1953 2886 in
1965 2844 2385 2899 Longitudinem,
2401 2845 2442 2887 81
2457 2845 2524 2888 ab
2537 2845 2695 2900 Eclip-

1629 2903 1736 2946 tica
1757 2904 1935 2958 quoad
1956 2903 2312 2947 Latitudinem
2332 2904 2574 2948 remotio.

551 2962 662 3005 Sint
675 2961 1012 3006 euidentioris
1027 2962 1498 3005 Demonstrationis
1513 2962 1696 3017 gratia,
1711 2962 1765 3005 in
1779 2963 2011 3017 sequenti
2025 2963 2370 3018 Figuratione,
2387 2964 2508 3007 duae
2523 2964 2698 3008 Stellae

491 3021 632 3064 Fixae
654 3022 848 3065 Sideris
869 3021 1152 3076 Cassiopeae
1172 3021 1218 3063 A
1238 3022 1278 3063 81
1300 3021 1352 3073 B,
1376 3033 1603 3076 quarum
1622 3023 1668 3065 A
1688 3023 1746 3065 fit
1764 3021 1854 3065 illa
1872 3022 1926 3065 in
1946 3022 2226 3066 Cathedrae
2246 3026 2395 3078 parte
2416 3023 2697 3078 superiore,

493 3093 657 3134 quam
678 3081 758 3136 alij
781 3081 835 3123 in
855 3081 1069 3124 ascensu
1090 3080 1267 3123 medio
1289 3082 1576 3125 collocant:
1599 3082 1637 3124 B
1656 3092 1786 3125 uero
1807 3082 1968 3134 illam,
1991 3094 2111 3136 quae
2131 3082 2184 3125 in
2202 3082 2424 3126 Flexura
2445 3082 2530 3135 est,
2551 3082 2699 3126 iuxta

494 3139 602 3191 Ilia,
631 3141 989 3194 repraesentet:
1022 3140 1059 3182 C
1087 3142 1267 3182 autem
1293 3141 1443 3183 locus
1472 3141 1641 3184 Nouae
1669 3140 1859 3192 Stellae,
1884 3141 1925 3184 8ι
1945 3141 2031 3183 AC
2050 3141 2220 3185 Arcus
2247 3141 2502 3185 distantiae
2528 3142 2640 3186 eius
2666 3154 2699 3185 a

495 3199 738 3252 suprema
759 3199 1061 3242 Cathedrae:
1090 3199 1174 3241 CB
1194 3199 1363 3242 Arcus
1382 3199 1518 3242 inter
1538 3200 1676 3243 hanc
1697 3201 1738 3242 ἃ
1759 3200 2039 3243 Flexuram
2058 3201 2401 3255 interceptus:
2430 3201 2471 3243 8ι
2497 3201 2589 3244 ΑΒ
2608 3201 2700 3244 Ar-

494 3269 588 3301 cus
608 3258 1014 3312 intercapedinis
1033 3258 1299 3312 utriusque
1319 3258 1475 3302 Fixae.
1498 3259 1573 3301 Sit
1591 3259 1800 3314 insuper
1821 3260 1866 3302 G
1884 3260 2037 3303 Polus
2054 3260 2269 3303 Zodiaci
2283 3261 2516 3313 Boraeus,
2539 3273 2571 3303 a
2592 3271 2698 3315 quo

494 3317 599 3360 duo
623 3318 943 3371 quadrantes
964 3317 1282 3361 descendant
1301 3317 1354 3360 in
1375 3318 1699 3373 Eclipticam,
1726 3330 1821 3373 per
1846 3319 2262 3373 praenominatas
2283 3319 2436 3363 Fixas
2461 3320 2515 3362 in
2533 3320 2579 3362 A
2599 3320 2640 3363 81
2661 3319 2700 3362 Β

493 3377 702 3431 positas,
730 3388 826 3431 per
849 3377 894 3419 Α
921 3376 1135 3431 quidem
1160 3377 1282 3420 GD:
1310 3389 1406 3431 per
1431 3377 1469 3419 B
1494 3389 1623 3421 uero
1652 3378 1756 3431 GF,
1784 3378 1881 3421 erit
1905 3378 2083 3432 itaque
2107 3379 2199 3421 DF
2217 3379 2387 3422 Arcus
2413 3378 2697 3433 Eclipticae,

2416 3464 2698 3517 dirimens

2725 989 2812 1033 585

2747 1163 2790 1198 10

2749 1483 2791 1519 15

2746 2078 2792 2113 25

2746 2672 2792 2707 35

2747 3263 2793 3299 45
