<?xml version="1.0" encoding="UTF-8"?>
<!DOCTYPE html PUBLIC "-//W3C//DTD XHTML 1.0 Transitional//EN"
    "http://www.w3.org/TR/xhtml1/DTD/xhtml1-transitional.dtd">
<html xmlns="http://www.w3.org/1999/xhtml" xml:lang="en" lang="en">
 <head>
  <title>
</title>
<meta http-equiv="Content-Type" content="text/html;charset=utf-8" />
  <meta name='ocr-system' content='tesseract 3.04.00' />
  <meta name='ocr-capabilities' content='ocr_page ocr_carea ocr_par ocr_line ocrx_word'/>
</head>
<body>
  <div class='ocr_page' id='page_1' title='image "./operaomniaedidit03brahuoft/operaomniaedidit03brahuoft_0423.png"; bbox 0 0 2976 4264; ppageno 0'>
   <div class='ocr_carea' id='block_1_1' title="bbox 852 327 2514 384">
    <p class='ocr_par' dir='ltr' id='par_1_1' title="bbox 852 327 2514 384">
     <span class='ocr_line' id='line_1_1' title="bbox 852 327 2514 384; baseline 0.002 -5"><span class='ocrx_word' id='word_1_1' title='bbox 852 327 1543 382; x_wconf 91' lang='lat' dir='ltr'>ANNOTATIONES</span> <span class='ocrx_word' id='word_1_2' title='bbox 1569 329 1972 383; x_wconf 91' lang='lat' dir='ltr'><strong>EDITORIS</strong></span> <span class='ocrx_word' id='word_1_3' title='bbox 2433 332 2514 384; x_wconf 86' lang='lat'>411</span> 
     </span>
    </p>
   </div>
   <div class='ocr_carea' id='block_1_2' title="bbox 312 463 2515 597">
    <p class='ocr_par' dir='ltr' id='par_1_2' title="bbox 312 463 2515 597">
     <span class='ocr_line' id='line_1_2' title="bbox 312 463 2515 526; baseline 0.004 -20"><span class='ocrx_word' id='word_1_4' title='bbox 312 463 495 518; x_wconf 89' lang='lat' dir='ltr'>Tycho</span> <span class='ocrx_word' id='word_1_5' title='bbox 524 465 665 508; x_wconf 92' lang='lat' dir='ltr'>dono</span> <span class='ocrx_word' id='word_1_6' title='bbox 693 466 927 509; x_wconf 84' lang='lat' dir='ltr'>dederat.</span> <span class='ocrx_word' id='word_1_7' title='bbox 957 468 1104 511; x_wconf 90' lang='lat' dir='ltr'>Idem</span> <span class='ocrx_word' id='word_1_8' title='bbox 1126 480 1250 511; x_wconf 90' lang='lat' dir='ltr'>cum</span> <span class='ocrx_word' id='word_1_9' title='bbox 1270 469 1823 523; x_wconf 81' lang='lat' dir='ltr'>Progymnasmatum</span> <span class='ocrx_word' id='word_1_10' title='bbox 1847 471 2090 526; x_wconf 89' lang='lat' dir='ltr'>catalogo</span> <span class='ocrx_word' id='word_1_11' title='bbox 2112 474 2163 514; x_wconf 93' lang='lat' dir='ltr'>et</span> <span class='ocrx_word' id='word_1_12' title='bbox 2183 471 2392 525; x_wconf 89' lang='lat' dir='ltr'>Kepleri</span> <span class='ocrx_word' id='word_1_13' title='bbox 2413 472 2515 515; x_wconf 92' lang='lat' dir='ltr'>edi-</span> 
     </span>
     <span class='ocr_line' id='line_1_3' title="bbox 312 534 2515 597; baseline 0.004 -20"><span class='ocrx_word' id='word_1_14' title='bbox 312 534 455 578; x_wconf 85' lang='lat' dir='ltr'>tione</span> <span class='ocrx_word' id='word_1_15' title='bbox 475 535 579 579; x_wconf 90' lang='lat' dir='ltr'>hoc</span> <span class='ocrx_word' id='word_1_16' title='bbox 601 538 907 591; x_wconf 88' lang='lat' dir='ltr'>exemplum</span> <span class='ocrx_word' id='word_1_17' title='bbox 928 540 1261 593; x_wconf 86' lang='lat' dir='ltr'>comparavit</span> <span class='ocrx_word' id='word_1_18' title='bbox 1281 543 1333 583; x_wconf 93' lang='lat' dir='ltr'>et</span> <span class='ocrx_word' id='word_1_19' title='bbox 1354 540 1734 595; x_wconf 86' lang='lat' dir='ltr'>discrepantias</span> <span class='ocrx_word' id='word_1_20' title='bbox 1759 541 2046 585; x_wconf 89' lang='lat' dir='ltr'>annotavit.</span> <span class='ocrx_word' id='word_1_21' title='bbox 2078 542 2210 585; x_wconf 86' lang='lat' dir='ltr'>Haec</span> <span class='ocrx_word' id='word_1_22' title='bbox 2237 545 2358 585; x_wconf 90' lang='lat' dir='ltr'>sunt</span> <span class='ocrx_word' id='word_1_23' title='bbox 2383 554 2515 597; x_wconf 85' lang='lat' dir='ltr'>prae-</span> 
     </span>
    </p>
   </div>
   <div class='ocr_carea' id='block_1_3' title="bbox 311 609 2515 721">
    <p class='ocr_par' dir='ltr' id='par_1_3' title="bbox 311 609 2515 721">
     <span class='ocr_line' id='line_1_4' title="bbox 311 609 2515 667; baseline 0.004 -19"><span class='ocrx_word' id='word_1_24' title='bbox 311 609 458 649; x_wconf 91' lang='lat' dir='ltr'>terea</span> <span class='ocrx_word' id='word_1_25' title='bbox 485 609 731 662; x_wconf 87' lang='lat' dir='ltr'>exempla</span> <span class='ocrx_word' id='word_1_26' title='bbox 757 609 984 664; x_wconf 89' lang='lat' dir='ltr'>catalogi</span> <span class='ocrx_word' id='word_1_27' title='bbox 1009 622 1176 664; x_wconf 91' lang='lat' dir='ltr'>usque</span> <span class='ocrx_word' id='word_1_28' title='bbox 1203 612 1271 654; x_wconf 91' lang='lat' dir='ltr'>ad</span> <span class='ocrx_word' id='word_1_29' title='bbox 1297 611 1401 655; x_wconf 93' lang='lat' dir='ltr'>hoc</span> <span class='ocrx_word' id='word_1_30' title='bbox 1427 614 1637 666; x_wconf 89' lang='lat' dir='ltr'>ternpus</span> <span class='ocrx_word' id='word_1_31' title='bbox 1664 615 1953 664; x_wconf 87' lang='lat' dir='ltr'>asservata,</span> <span class='ocrx_word' id='word_1_32' title='bbox 1982 624 2102 667; x_wconf 86' lang='lat' dir='ltr'>quae</span> <span class='ocrx_word' id='word_1_33' title='bbox 2129 613 2342 667; x_wconf 91' lang='lat' dir='ltr'>quidem</span> <span class='ocrx_word' id='word_1_34' title='bbox 2362 614 2515 658; x_wconf 91' lang='lat' dir='ltr'>nobis</span> 
     </span>
     <span class='ocr_line' id='line_1_5' title="bbox 312 677 582 721; baseline 0.007 -2"><span class='ocrx_word' id='word_1_35' title='bbox 312 680 439 721; x_wconf 90' lang='lat' dir='ltr'>nota</span> <span class='ocrx_word' id='word_1_36' title='bbox 459 677 582 721; x_wconf 91' lang='lat' dir='ltr'>sint:</span> 
     </span>
    </p>
   </div>
   <div class='ocr_carea' id='block_1_4' title="bbox 312 761 2380 871">
    <p class='ocr_par' dir='ltr' id='par_1_4' title="bbox 312 761 2380 871">
     <span class='ocr_line' id='line_1_6' title="bbox 312 761 2106 812; baseline 0.004 -16"><span class='ocrx_word' id='word_1_37' title='bbox 312 761 414 796; x_wconf 91' lang='lat' dir='ltr'>Cod.</span> <span class='ocrx_word' id='word_1_38' title='bbox 437 762 701 799; x_wconf 87' lang='lat' dir='ltr'>Hauniensis</span> <span class='ocrx_word' id='word_1_39' title='bbox 721 764 813 798; x_wconf 91' lang='lat' dir='ltr'>Ant.</span> <span class='ocrx_word' id='word_1_40' title='bbox 835 763 927 800; x_wconf 93' lang='lat' dir='ltr'>coll.</span> <span class='ocrx_word' id='word_1_41' title='bbox 950 765 1044 810; x_wconf 91' lang='lat' dir='ltr'>Reg.</span> <span class='ocrx_word' id='word_1_42' title='bbox 1064 765 1134 801; x_wconf 88' lang='lat'>306</span> <span class='ocrx_word' id='word_1_43' title='bbox 1155 765 1198 801; x_wconf 91' lang='lat' dir='ltr'>in</span> <span class='ocrx_word' id='word_1_44' title='bbox 1219 767 1267 801; x_wconf 78' lang='grc' dir='ltr'>2ο</span> <span class='ocrx_word' id='word_1_45' title='bbox 1289 765 1546 808; x_wconf 79' lang='lat' dir='ltr'>(Christiano</span> <span class='ocrx_word' id='word_1_46' title='bbox 1569 767 1621 801; x_wconf 84' lang='lat' dir='ltr'>lv</span> <span class='ocrx_word' id='word_1_47' title='bbox 1642 766 1727 812; x_wconf 88' lang='lat' dir='ltr'>regi</span> <span class='ocrx_word' id='word_1_48' title='bbox 1749 766 1899 803; x_wconf 83' lang='lat' dir='ltr'>Daniae</span> <span class='ocrx_word' id='word_1_49' title='bbox 1920 766 2106 810; x_wconf 88' lang='lat' dir='ltr'>missus),</span> 
     </span>
     <span class='ocr_line' id='line_1_7' title="bbox 342 824 2380 871; baseline 0.002 -12"><span class='ocrx_word' id='word_1_50' title='bbox 342 840 385 844; x_wconf 94' lang='lat'><strong>—</strong></span> <span class='ocrx_word' id='word_1_51' title='bbox 542 841 588 845; x_wconf 96' lang='lat'><strong>—</strong></span> <span class='ocrx_word' id='word_1_52' title='bbox 738 841 784 846; x_wconf 92' lang='grc'><strong>-</strong></span> <span class='ocrx_word' id='word_1_53' title='bbox 850 842 898 847; x_wconf 89' lang='grc'>-</span> <span class='ocrx_word' id='word_1_54' title='bbox 971 843 1015 847; x_wconf 94' lang='grc'><strong>-</strong></span> <span class='ocrx_word' id='word_1_55' title='bbox 1064 825 1134 861; x_wconf 89' lang='grc'>307</span> <span class='ocrx_word' id='word_1_56' title='bbox 1155 824 1199 860; x_wconf 92' lang='lat' dir='ltr'>in</span> <span class='ocrx_word' id='word_1_57' title='bbox 1219 827 1267 861; x_wconf 89' lang='lat'>2⁰</span> <span class='ocrx_word' id='word_1_58' title='bbox 1289 825 1487 868; x_wconf 87' lang='lat' dir='ltr'>(Iohanni</span> <span class='ocrx_word' id='word_1_59' title='bbox 1507 825 1703 870; x_wconf 87' lang='lat' dir='ltr'>Adolpho</span> <span class='ocrx_word' id='word_1_60' title='bbox 1723 825 1921 871; x_wconf 88' lang='lat' dir='ltr'>episcopo</span> <span class='ocrx_word' id='word_1_61' title='bbox 1942 826 2174 863; x_wconf 90' lang='lat' dir='ltr'>Lubecensi</span> <span class='ocrx_word' id='word_1_62' title='bbox 2195 826 2380 870; x_wconf 87' lang='lat' dir='ltr'>missus),</span> 
     </span>
    </p>
   </div>
   <div class='ocr_carea' id='block_1_5' title="bbox 342 882 2514 983">
    <p class='ocr_par' dir='ltr' id='par_1_5' title="bbox 342 882 2514 983">
     <span class='ocr_line' id='line_1_8' title="bbox 342 882 2514 931; baseline 0.003 -15"><span class='ocrx_word' id='word_1_63' title='bbox 342 899 385 904; x_wconf 85' lang='lat'>-—</span> <span class='ocrx_word' id='word_1_64' title='bbox 543 900 587 904; x_wconf 96' lang='lat'>—</span> <span class='ocrx_word' id='word_1_65' title='bbox 698 909 707 922; x_wconf 89' lang='lat'>‚</span> <span class='ocrx_word' id='word_1_66' title='bbox 727 882 916 927; x_wconf 86' lang='lat' dir='ltr'>exemplo</span> <span class='ocrx_word' id='word_1_67' title='bbox 931 883 1145 928; x_wconf 89' lang='lat' dir='ltr'>Tyehonis</span> <span class='ocrx_word' id='word_1_68' title='bbox 1162 884 1510 921; x_wconf 87' lang='lat' dir='ltr'>Mechanicorum</span> <span class='ocrx_word' id='word_1_69' title='bbox 1525 884 1721 930; x_wconf 88' lang='lat' dir='ltr'>alligatus</span> <span class='ocrx_word' id='word_1_70' title='bbox 1743 884 2026 928; x_wconf 86' lang='lat' dir='ltr'>(Ferdinando</span> <span class='ocrx_word' id='word_1_71' title='bbox 2046 896 2202 931; x_wconf 88' lang='lat' dir='ltr'>magno</span> <span class='ocrx_word' id='word_1_72' title='bbox 2225 886 2396 922; x_wconf 86' lang='lat' dir='ltr'>Etruriae</span> <span class='ocrx_word' id='word_1_73' title='bbox 2417 886 2514 923; x_wconf 84' lang='lat' dir='ltr'>duci</span> 
     </span>
     <span class='ocr_line' id='line_1_9' title="bbox 436 939 623 983; baseline 0.005 -8"><span class='ocrx_word' id='word_1_74' title='bbox 436 939 623 983; x_wconf 88' lang='lat' dir='ltr'>missus),</span> 
     </span>
    </p>
   </div>
   <div class='ocr_carea' id='block_1_6' title="bbox 339 999 2514 1580">
    <p class='ocr_par' dir='ltr' id='par_1_6' title="bbox 436 999 2295 1048">
     <span class='ocr_line' id='line_1_10' title="bbox 436 999 2295 1048; baseline 0.002 -13"><span class='ocrx_word' id='word_1_75' title='bbox 436 999 779 1036; x_wconf 82' lang='lat' dir='ltr'>vindobonensis</span> <span class='ocrx_word' id='word_1_76' title='bbox 799 1001 867 1036; x_wconf 88' lang='lat' dir='ltr'>lat.</span> <span class='ocrx_word' id='word_1_77' title='bbox 891 1002 1004 1037; x_wconf 88' lang='grc'>10705</span> <span class='ocrx_word' id='word_1_78' title='bbox 1026 1002 1259 1044; x_wconf 87' lang='lat' dir='ltr'>(archiduci</span> <span class='ocrx_word' id='word_1_79' title='bbox 1282 1002 1482 1043; x_wconf 85' lang='lat' dir='ltr'>Matthiae,</span> <span class='ocrx_word' id='word_1_80' title='bbox 1503 1002 1575 1048; x_wconf 90' lang='lat' dir='ltr'>qui</span> <span class='ocrx_word' id='word_1_81' title='bbox 1595 1006 1739 1047; x_wconf 90' lang='lat' dir='ltr'>postea</span> <span class='ocrx_word' id='word_1_82' title='bbox 1760 1003 1982 1048; x_wconf 88' lang='lat' dir='ltr'>imperator</span> <span class='ocrx_word' id='word_1_83' title='bbox 2001 1002 2088 1045; x_wconf 83' lang='lat' dir='ltr'>fuit,</span> <span class='ocrx_word' id='word_1_84' title='bbox 2109 1003 2295 1047; x_wconf 88' lang='lat' dir='ltr'>missus),</span> 
     </span>
    </p>

    <p class='ocr_par' dir='ltr' id='par_1_7' title="bbox 583 1061 1015 1102">
     <span class='ocr_line' id='line_1_11' title="bbox 583 1061 1015 1102; baseline 0.002 -7"><span class='ocrx_word' id='word_1_85' title='bbox 583 1079 630 1083; x_wconf 94' lang='lat'><strong>—</strong></span> <span class='ocrx_word' id='word_1_86' title='bbox 803 1079 850 1084; x_wconf 89' lang='lat'>—</span> <span class='ocrx_word' id='word_1_87' title='bbox 891 1061 1015 1102; x_wconf 82' lang='lat'>10706,</span> 
     </span>
    </p>

    <p class='ocr_par' dir='ltr' id='par_1_8' title="bbox 339 1120 2514 1580">
     <span class='ocr_line' id='line_1_12' title="bbox 583 1120 2099 1166; baseline 0.001 -11"><span class='ocrx_word' id='word_1_88' title='bbox 583 1138 629 1142; x_wconf 96' lang='lat'><strong>—</strong></span> <span class='ocrx_word' id='word_1_89' title='bbox 803 1139 849 1143; x_wconf 94' lang='lat'>—</span> <span class='ocrx_word' id='word_1_90' title='bbox 890 1120 1004 1156; x_wconf 90' lang='grc'>10707</span> <span class='ocrx_word' id='word_1_91' title='bbox 1025 1120 1265 1166; x_wconf 89' lang='lat' dir='ltr'>(Rudolpho</span> <span class='ocrx_word' id='word_1_92' title='bbox 1288 1121 1545 1158; x_wconf 88' lang='lat' dir='ltr'>Corraducio</span> <span class='ocrx_word' id='word_1_93' title='bbox 1564 1121 1893 1166; x_wconf 87' lang='lat' dir='ltr'>procancellario</span> <span class='ocrx_word' id='word_1_94' title='bbox 1912 1121 2099 1164; x_wconf 88' lang='lat' dir='ltr'>missus),</span> 
     </span>
     <span class='ocr_line' id='line_1_13' title="bbox 435 1178 2514 1227; baseline 0.003 -15"><span class='ocrx_word' id='word_1_95' title='bbox 435 1178 618 1214; x_wconf 89' lang='lat' dir='ltr'>Venetus</span> <span class='ocrx_word' id='word_1_96' title='bbox 641 1178 888 1215; x_wconf 89' lang='lat' dir='ltr'>Marcianus</span> <span class='ocrx_word' id='word_1_97' title='bbox 915 1180 964 1216; x_wconf 90' lang='lat' dir='ltr'>cl.</span> <span class='ocrx_word' id='word_1_98' title='bbox 985 1180 1039 1215; x_wconf 92' lang='lat' dir='ltr'>XI</span> <span class='ocrx_word' id='word_1_99' title='bbox 1061 1181 1118 1221; x_wconf 90' lang='lat'>87,</span> <span class='ocrx_word' id='word_1_100' title='bbox 1145 1181 1333 1226; x_wconf 88' lang='lat' dir='ltr'>exemplo</span> <span class='ocrx_word' id='word_1_101' title='bbox 1355 1181 1702 1217; x_wconf 89' lang='lat' dir='ltr'>Mechanicorum</span> <span class='ocrx_word' id='word_1_102' title='bbox 1729 1180 1924 1226; x_wconf 86' lang='lat' dir='ltr'>alligatus</span> <span class='ocrx_word' id='word_1_103' title='bbox 1952 1181 2221 1223; x_wconf 85' lang='lat' dir='ltr'>(Venetorum</span> <span class='ocrx_word' id='word_1_104' title='bbox 2243 1181 2313 1217; x_wconf 88' lang='lat' dir='ltr'>Rei</span> <span class='ocrx_word' id='word_1_105' title='bbox 2333 1182 2514 1227; x_wconf 88' lang='lat' dir='ltr'>publicae</span> 
     </span>
     <span class='ocr_line' id='line_1_14' title="bbox 441 1247 629 1278; baseline 0 -6"><span class='ocrx_word' id='word_1_106' title='bbox 441 1247 599 1272; x_wconf 78' lang='lat' dir='ltr'>missus</span> <span class='ocrx_word' id='word_1_107' title='bbox 620 1265 629 1278; x_wconf 86' lang='lat'>,</span> 
     </span>
     <span class='ocr_line' id='line_1_15' title="bbox 341 1238 2514 1345; baseline 0.002 -14"><span class='ocrx_word' id='word_1_108' title='bbox 341 1315 387 1320; x_wconf 90' lang='lat'>-</span> <span class='ocrx_word' id='word_1_109' title='bbox 437 1238 689 1333; x_wconf 64' lang='lat' dir='ltr'>Oxonieiisis</span> <span class='ocrx_word' id='word_1_110' title='bbox 709 1298 831 1334; x_wconf 90' lang='lat' dir='ltr'>Arch.</span> <span class='ocrx_word' id='word_1_111' title='bbox 853 1299 968 1334; x_wconf 93' lang='lat' dir='ltr'>Bodl.</span> <span class='ocrx_word' id='word_1_112' title='bbox 991 1299 1028 1334; x_wconf 93' lang='lat' dir='ltr'>D</span> <span class='ocrx_word' id='word_1_113' title='bbox 1049 1300 1106 1340; x_wconf 88' lang='lat'>32,</span> <span class='ocrx_word' id='word_1_114' title='bbox 1127 1300 1316 1344; x_wconf 86' lang='lat' dir='ltr'>exemplo</span> <span class='ocrx_word' id='word_1_115' title='bbox 1338 1299 1686 1336; x_wconf 88' lang='lat' dir='ltr'>Mechanicorum</span> <span class='ocrx_word' id='word_1_116' title='bbox 1708 1299 1904 1345; x_wconf 88' lang='lat' dir='ltr'>alligatus</span> <span class='ocrx_word' id='word_1_117' title='bbox 1926 1299 2040 1342; x_wconf 91' lang='lat' dir='ltr'>(duci</span> <span class='ocrx_word' id='word_1_118' title='bbox 2054 1301 2307 1336; x_wconf 87' lang='lat' dir='ltr'>Venetorum</span> <span class='ocrx_word' id='word_1_119' title='bbox 2328 1300 2514 1343; x_wconf 89' lang='lat' dir='ltr'>missus),</span> 
     </span>
     <span class='ocr_line' id='line_1_16' title="bbox 342 1355 1715 1415; baseline 0.003 -25"><span class='ocrx_word' id='word_1_120' title='bbox 342 1374 385 1379; x_wconf 91' lang='lat'>—-</span> <span class='ocrx_word' id='word_1_121' title='bbox 438 1355 652 1392; x_wconf 86' lang='lat' dir='ltr'>Parisinus</span> <span class='ocrx_word' id='word_1_122' title='bbox 674 1356 777 1392; x_wconf 91' lang='lat' dir='ltr'>Bibl.</span> <span class='ocrx_word' id='word_1_123' title='bbox 798 1360 880 1393; x_wconf 92' lang='lat' dir='ltr'>nat.</span> <span class='ocrx_word' id='word_1_124' title='bbox 903 1358 1120 1400; x_wconf 89' lang='lat' dir='ltr'>(Mauritio</span> <span class='ocrx_word' id='word_1_125' title='bbox 1140 1358 1319 1404; x_wconf 89' lang='lat' dir='ltr'>principi</span> <span class='ocrx_word' id='word_1_126' title='bbox 1340 1359 1508 1394; x_wconf 87' lang='lat' dir='ltr'>Oraniae</span> <span class='ocrx_word' id='word_1_127' title='bbox 1530 1358 1715 1415; x_wconf 85' lang='lat' dir='ltr'>missus),</span> 
     </span>
     <span class='ocr_line' id='line_1_17' title="bbox 339 1415 2245 1464; baseline 0.002 -14"><span class='ocrx_word' id='word_1_128' title='bbox 339 1434 386 1439; x_wconf 90' lang='lat'><strong>—</strong></span> <span class='ocrx_word' id='word_1_129' title='bbox 437 1415 735 1460; x_wconf 91' lang='lat' dir='ltr'>Lugdunensis</span> <span class='ocrx_word' id='word_1_130' title='bbox 756 1417 895 1452; x_wconf 90' lang='lat' dir='ltr'>Batav.</span> <span class='ocrx_word' id='word_1_131' title='bbox 917 1417 1020 1453; x_wconf 90' lang='lat' dir='ltr'>Bibl.</span> <span class='ocrx_word' id='word_1_132' title='bbox 1042 1417 1166 1453; x_wconf 91' lang='lat' dir='ltr'>Univ.</span> <span class='ocrx_word' id='word_1_133' title='bbox 1187 1429 1210 1454; x_wconf 94' lang='lat' dir='ltr'>e</span> <span class='ocrx_word' id='word_1_134' title='bbox 1230 1419 1351 1464; x_wconf 88' lang='lat' dir='ltr'>legat.</span> <span class='ocrx_word' id='word_1_135' title='bbox 1374 1418 1523 1463; x_wconf 89' lang='lat' dir='ltr'>Scalig.</span> <span class='ocrx_word' id='word_1_136' title='bbox 1547 1419 1589 1453; x_wconf 88' lang='lat'>13</span> <span class='ocrx_word' id='word_1_137' title='bbox 1610 1418 1808 1463; x_wconf 90' lang='lat' dir='ltr'>(Iosepho</span> <span class='ocrx_word' id='word_1_138' title='bbox 1828 1417 2039 1463; x_wconf 90' lang='lat' dir='ltr'>Scaligero</span> <span class='ocrx_word' id='word_1_139' title='bbox 2059 1417 2245 1462; x_wconf 88' lang='lat' dir='ltr'>missus),</span> 
     </span>
     <span class='ocr_line' id='line_1_18' title="bbox 339 1474 2513 1523; baseline 0.002 -14"><span class='ocrx_word' id='word_1_140' title='bbox 339 1494 385 1498; x_wconf 97' lang='lat'><strong>—</strong></span> <span class='ocrx_word' id='word_1_141' title='bbox 435 1474 722 1520; x_wconf 88' lang='lat' dir='ltr'>Gottingensis</span> <span class='ocrx_word' id='word_1_142' title='bbox 742 1475 894 1520; x_wconf 89' lang='lat' dir='ltr'>philos.</span> <span class='ocrx_word' id='word_1_143' title='bbox 915 1478 1056 1513; x_wconf 86' lang='lat'>28—28</span> <span class='ocrx_word' id='word_1_144' title='bbox 1065 1488 1100 1518; x_wconf 89' lang='lat' dir='ltr'>a,</span> <span class='ocrx_word' id='word_1_145' title='bbox 1126 1478 1315 1523; x_wconf 88' lang='lat' dir='ltr'>exemplo</span> <span class='ocrx_word' id='word_1_146' title='bbox 1337 1477 1686 1514; x_wconf 89' lang='lat' dir='ltr'>Mechanicorum</span> <span class='ocrx_word' id='word_1_147' title='bbox 1708 1477 1903 1523; x_wconf 86' lang='lat' dir='ltr'>alligatus</span> <span class='ocrx_word' id='word_1_148' title='bbox 1932 1477 2136 1520; x_wconf 89' lang='lat' dir='ltr'>(Henrico</span> <span class='ocrx_word' id='word_1_149' title='bbox 2155 1477 2278 1522; x_wconf 88' lang='lat' dir='ltr'>Julio,</span> <span class='ocrx_word' id='word_1_150' title='bbox 2300 1477 2513 1514; x_wconf 88' lang='lat' dir='ltr'>Universi·</span> 
     </span>
     <span class='ocr_line' id='line_1_19' title="bbox 433 1533 1311 1580; baseline 0.003 -11"><span class='ocrx_word' id='word_1_151' title='bbox 433 1533 526 1569; x_wconf 90' lang='lat' dir='ltr'>tatis</span> <span class='ocrx_word' id='word_1_152' title='bbox 550 1535 863 1571; x_wconf 88' lang='lat' dir='ltr'>Helmstedenis</span> <span class='ocrx_word' id='word_1_153' title='bbox 881 1537 1103 1577; x_wconf 82' lang='lat' dir='ltr'>fundatori,</span> <span class='ocrx_word' id='word_1_154' title='bbox 1125 1537 1311 1580; x_wconf 88' lang='lat' dir='ltr'>missus).</span> 
     </span>
    </p>
   </div>
   <div class='ocr_carea' id='block_1_7' title="bbox 306 1605 2516 2871">
    <p class='ocr_par' dir='ltr' id='par_1_9' title="bbox 309 1605 2516 1877">
     <span class='ocr_line' id='line_1_20' title="bbox 310 1605 2516 1662; baseline 0.001 -15"><span class='ocrx_word' id='word_1_155' title='bbox 310 1605 479 1647; x_wconf 90' lang='lat' dir='ltr'>Etiam</span> <span class='ocrx_word' id='word_1_156' title='bbox 504 1605 558 1647; x_wconf 95' lang='lat' dir='ltr'>in</span> <span class='ocrx_word' id='word_1_157' title='bbox 585 1605 909 1650; x_wconf 89' lang='lat' dir='ltr'>Bibliotheca</span> <span class='ocrx_word' id='word_1_158' title='bbox 941 1607 1152 1662; x_wconf 91' lang='lat' dir='ltr'>publica</span> <span class='ocrx_word' id='word_1_159' title='bbox 1180 1607 1465 1651; x_wconf 90' lang='lat' dir='ltr'>Dresdensi</span> <span class='ocrx_word' id='word_1_160' title='bbox 1491 1607 1774 1650; x_wconf 86' lang='lat' dir='ltr'>Stellarum</span> <span class='ocrx_word' id='word_1_161' title='bbox 1801 1609 2103 1662; x_wconf 89' lang='lat' dir='ltr'>catalogum</span> <span class='ocrx_word' id='word_1_162' title='bbox 2135 1608 2382 1662; x_wconf 86' lang='lat' dir='ltr'>exemplo</span> <span class='ocrx_word' id='word_1_163' title='bbox 2410 1608 2516 1650; x_wconf 93' lang='lat' dir='ltr'>Me-</span> 
     </span>
     <span class='ocr_line' id='line_1_21' title="bbox 309 1676 2516 1733; baseline 0.001 -14"><span class='ocrx_word' id='word_1_164' title='bbox 309 1676 659 1720; x_wconf 90' lang='lat' dir='ltr'>chanicorum</span> <span class='ocrx_word' id='word_1_165' title='bbox 689 1678 959 1733; x_wconf 86' lang='lat' dir='ltr'>alligatum</span> <span class='ocrx_word' id='word_1_166' title='bbox 987 1679 1210 1722; x_wconf 90' lang='lat' dir='ltr'>inveniri</span> <span class='ocrx_word' id='word_1_167' title='bbox 1238 1679 1390 1722; x_wconf 93' lang='lat' dir='ltr'>nobis</span> <span class='ocrx_word' id='word_1_168' title='bbox 1421 1679 1642 1721; x_wconf 90' lang='lat' dir='ltr'>allatum</span> <span class='ocrx_word' id='word_1_169' title='bbox 1672 1682 1764 1723; x_wconf 92' lang='lat' dir='ltr'>est.</span> <span class='ocrx_word' id='word_1_170' title='bbox 1801 1679 1963 1722; x_wconf 92' lang='lat' dir='ltr'>Missa</span> <span class='ocrx_word' id='word_1_171' title='bbox 1992 1681 2114 1721; x_wconf 90' lang='lat' dir='ltr'>sunt</span> <span class='ocrx_word' id='word_1_172' title='bbox 2141 1681 2403 1732; x_wconf 85' lang='lat' dir='ltr'>praeterea</span> <span class='ocrx_word' id='word_1_173' title='bbox 2431 1690 2516 1722; x_wconf 89' lang='lat' dir='ltr'>ex-</span> 
     </span>
     <span class='ocr_line' id='line_1_22' title="bbox 309 1748 2513 1808; baseline 0.001 -18"><span class='ocrx_word' id='word_1_174' title='bbox 309 1749 486 1802; x_wconf 90' lang='lat' dir='ltr'>empla</span> <span class='ocrx_word' id='word_1_175' title='bbox 499 1748 774 1803; x_wconf 91' lang='lat' dir='ltr'>Rudolpho</span> <span class='ocrx_word' id='word_1_176' title='bbox 788 1749 1099 1804; x_wconf 91' lang='lat' dir='ltr'>imperatori</span> <span class='ocrx_word' id='word_1_177' title='bbox 1107 1750 1286 1808; x_wconf 90' lang='lat' dir='ltr'>(quem</span> <span class='ocrx_word' id='word_1_178' title='bbox 1300 1750 1354 1792; x_wconf 91' lang='lat' dir='ltr'>in</span> <span class='ocrx_word' id='word_1_179' title='bbox 1367 1749 1681 1804; x_wconf 77' lang='lat' dir='ltr'>praefatione</span> <span class='ocrx_word' id='word_1_180' title='bbox 1697 1750 2011 1807; x_wconf 87' lang='lat' dir='ltr'>alloquitur),</span> <span class='ocrx_word' id='word_1_181' title='bbox 2026 1749 2254 1804; x_wconf 90' lang='lat' dir='ltr'>Magino‚</span> <span class='ocrx_word' id='word_1_182' title='bbox 2270 1750 2513 1804; x_wconf 91' lang='lat' dir='ltr'>Keplero,</span> 
     </span>
     <span class='ocr_line' id='line_1_23' title="bbox 309 1819 2089 1877; baseline 0.001 -15"><span class='ocrx_word' id='word_1_183' title='bbox 309 1819 556 1863; x_wconf 88' lang='lat' dir='ltr'>Saxoniae</span> <span class='ocrx_word' id='word_1_184' title='bbox 578 1820 795 1863; x_wconf 92' lang='lat' dir='ltr'>electori</span> <span class='ocrx_word' id='word_1_185' title='bbox 815 1820 1049 1875; x_wconf 90' lang='lat' dir='ltr'>aliisque,</span> <span class='ocrx_word' id='word_1_186' title='bbox 1074 1834 1194 1875; x_wconf 85' lang='lat' dir='ltr'>quae</span> <span class='ocrx_word' id='word_1_187' title='bbox 1214 1833 1322 1865; x_wconf 92' lang='lat' dir='ltr'>non</span> <span class='ocrx_word' id='word_1_188' title='bbox 1335 1822 1450 1877; x_wconf 92' lang='lat' dir='ltr'>jam</span> <span class='ocrx_word' id='word_1_189' title='bbox 1470 1821 1771 1876; x_wconf 90' lang='lat' dir='ltr'>investigari</span> <span class='ocrx_word' id='word_1_190' title='bbox 1791 1824 2089 1876; x_wconf 91' lang='lat' dir='ltr'>potuerunt.</span> 
     </span>
    </p>

    <p class='ocr_par' dir='ltr' id='par_1_10' title="bbox 307 1890 2516 2148">
     <span class='ocr_line' id='line_1_24' title="bbox 368 1890 2516 1948; baseline 0.001 -16"><span class='ocrx_word' id='word_1_191' title='bbox 368 1890 438 1932; x_wconf 92' lang='lat' dir='ltr'>ad</span> <span class='ocrx_word' id='word_1_192' title='bbox 455 1902 504 1944; x_wconf 91' lang='lat' dir='ltr'>p.</span> <span class='ocrx_word' id='word_1_193' title='bbox 526 1890 684 1948; x_wconf 68' lang='lat'>335‚24]</span> <span class='ocrx_word' id='word_1_194' title='bbox 712 1892 937 1946; x_wconf 89' lang='lat' dir='ltr'>Respicit</span> <span class='ocrx_word' id='word_1_195' title='bbox 957 1905 1157 1935; x_wconf 92' lang='lat' dir='ltr'>annum</span> <span class='ocrx_word' id='word_1_196' title='bbox 1182 1893 1264 1935; x_wconf 88' lang='lat'>113</span> <span class='ocrx_word' id='word_1_197' title='bbox 1286 1896 1408 1935; x_wconf 94' lang='lat' dir='ltr'>ante</span> <span class='ocrx_word' id='word_1_198' title='bbox 1429 1892 1547 1935; x_wconf 92' lang='lat' dir='ltr'>Chr.</span> <span class='ocrx_word' id='word_1_199' title='bbox 1570 1894 1695 1943; x_wconf 89' lang='lat' dir='ltr'>nat.,</span> <span class='ocrx_word' id='word_1_200' title='bbox 1725 1903 1830 1946; x_wconf 91' lang='lat' dir='ltr'>quo</span> <span class='ocrx_word' id='word_1_201' title='bbox 1854 1893 2100 1935; x_wconf 92' lang='lat' dir='ltr'>consules</span> <span class='ocrx_word' id='word_1_202' title='bbox 2125 1892 2337 1935; x_wconf 90' lang='lat' dir='ltr'>fuerunt</span> <span class='ocrx_word' id='word_1_203' title='bbox 2358 1893 2516 1935; x_wconf 85' lang='lat' dir='ltr'>Caeci-</span> 
     </span>
     <span class='ocr_line' id='line_1_25' title="bbox 309 1961 2515 2020; baseline 0.001 -17"><span class='ocrx_word' id='word_1_204' title='bbox 309 1961 407 2004; x_wconf 90' lang='lat' dir='ltr'>lius</span> <span class='ocrx_word' id='word_1_205' title='bbox 428 1965 479 2004; x_wconf 93' lang='lat' dir='ltr'>et</span> <span class='ocrx_word' id='word_1_206' title='bbox 498 1962 730 2016; x_wconf 89' lang='lat' dir='ltr'>Papirius</span> <span class='ocrx_word' id='word_1_207' title='bbox 750 1962 835 2019; x_wconf 90' lang='lat' dir='ltr'>(cf.</span> <span class='ocrx_word' id='word_1_208' title='bbox 857 1966 987 2007; x_wconf 90' lang='lat' dir='ltr'>tom.</span> <span class='ocrx_word' id='word_1_209' title='bbox 1012 1964 1058 2006; x_wconf 95' lang='lat'>11</span> <span class='ocrx_word' id='word_1_210' title='bbox 1078 1976 1127 2018; x_wconf 91' lang='lat' dir='ltr'>p.</span> <span class='ocrx_word' id='word_1_211' title='bbox 1150 1963 1397 2020; x_wconf 77' lang='lat'>321,³⁷—41).</span> <span class='ocrx_word' id='word_1_212' title='bbox 1428 1963 1611 2017; x_wconf 91' lang='lat' dir='ltr'>Neque</span> <span class='ocrx_word' id='word_1_213' title='bbox 1636 1967 1819 2006; x_wconf 89' lang='lat' dir='ltr'>tamen</span> <span class='ocrx_word' id='word_1_214' title='bbox 1841 1963 1968 2007; x_wconf 93' lang='lat' dir='ltr'>satis</span> <span class='ocrx_word' id='word_1_215' title='bbox 1988 1966 2148 2018; x_wconf 90' lang='lat' dir='ltr'>patet,</span> <span class='ocrx_word' id='word_1_216' title='bbox 2177 1975 2341 2016; x_wconf 92' lang='lat' dir='ltr'>quare</span> <span class='ocrx_word' id='word_1_217' title='bbox 2361 1963 2515 2019; x_wconf 88' lang='lat' dir='ltr'>hujus</span> 
     </span>
     <span class='ocr_line' id='line_1_26' title="bbox 307 2033 2515 2089; baseline 0.001 -14"><span class='ocrx_word' id='word_1_218' title='bbox 307 2033 644 2087; x_wconf 89' lang='lat' dir='ltr'>potissimum</span> <span class='ocrx_word' id='word_1_219' title='bbox 660 2034 783 2076; x_wconf 93' lang='lat' dir='ltr'>anni</span> <span class='ocrx_word' id='word_1_220' title='bbox 797 2034 1124 2078; x_wconf 88' lang='lat' dir='ltr'>mentionem</span> <span class='ocrx_word' id='word_1_221' title='bbox 1138 2034 1320 2086; x_wconf 90' lang='lat' dir='ltr'>faciat;</span> <span class='ocrx_word' id='word_1_222' title='bbox 1338 2047 1465 2077; x_wconf 92' lang='lat' dir='ltr'>nam</span> <span class='ocrx_word' id='word_1_223' title='bbox 1478 2034 1770 2089; x_wconf 91' lang='lat' dir='ltr'>Hipparchi</span> <span class='ocrx_word' id='word_1_224' title='bbox 1785 2035 2056 2089; x_wconf 90' lang='lat' dir='ltr'>catalogus</span> <span class='ocrx_word' id='word_1_225' title='bbox 2073 2035 2515 2078; x_wconf 88' lang='lat' dir='ltr'>accommodatus</span> 
     </span>
     <span class='ocr_line' id='line_1_27' title="bbox 309 2105 855 2148; baseline 0.004 -2"><span class='ocrx_word' id='word_1_226' title='bbox 309 2107 423 2147; x_wconf 92' lang='lat' dir='ltr'>erat</span> <span class='ocrx_word' id='word_1_227' title='bbox 443 2105 512 2147; x_wconf 92' lang='lat' dir='ltr'>ad</span> <span class='ocrx_word' id='word_1_228' title='bbox 533 2117 734 2147; x_wconf 90' lang='lat' dir='ltr'>annum</span> <span class='ocrx_word' id='word_1_229' title='bbox 758 2105 855 2148; x_wconf 89' lang='lat'>130.</span> 
     </span>
    </p>

    <p class='ocr_par' dir='ltr' id='par_1_11' title="bbox 306 2175 2516 2871">
     <span class='ocr_line' id='line_1_28' title="bbox 368 2175 2516 2233; baseline 0 -15"><span class='ocrx_word' id='word_1_230' title='bbox 368 2176 437 2218; x_wconf 93' lang='lat' dir='ltr'>ad</span> <span class='ocrx_word' id='word_1_231' title='bbox 456 2187 505 2230; x_wconf 93' lang='lat' dir='ltr'>p.</span> <span class='ocrx_word' id='word_1_232' title='bbox 528 2175 687 2233; x_wconf 70' lang='lat'>335‚³⁴]</span> <span class='ocrx_word' id='word_1_233' title='bbox 708 2176 788 2219; x_wconf 94' lang='lat' dir='ltr'>De</span> <span class='ocrx_word' id='word_1_234' title='bbox 807 2177 884 2228; x_wconf 91' lang='lat' dir='ltr'>iis,</span> <span class='ocrx_word' id='word_1_235' title='bbox 908 2189 1028 2231; x_wconf 86' lang='lat' dir='ltr'>quae</span> <span class='ocrx_word' id='word_1_236' title='bbox 1047 2177 1135 2220; x_wconf 92' lang='lat' dir='ltr'>hic</span> <span class='ocrx_word' id='word_1_237' title='bbox 1157 2177 1314 2220; x_wconf 87' lang='lat' dir='ltr'>affert</span> <span class='ocrx_word' id='word_1_238' title='bbox 1325 2177 1525 2231; x_wconf 90' lang='lat' dir='ltr'>Tycho,</span> <span class='ocrx_word' id='word_1_239' title='bbox 1548 2178 1740 2221; x_wconf 89' lang='lat' dir='ltr'>eodem</span> <span class='ocrx_word' id='word_1_240' title='bbox 1760 2177 1924 2220; x_wconf 90' lang='lat' dir='ltr'>modo</span> <span class='ocrx_word' id='word_1_241' title='bbox 1946 2177 2308 2231; x_wconf 89' lang='lat' dir='ltr'>disputaverat</span> <span class='ocrx_word' id='word_1_242' title='bbox 2325 2176 2516 2220; x_wconf 92' lang='lat' dir='ltr'>inPro-</span> 
     </span>
     <span class='ocr_line' id='line_1_29' title="bbox 306 2246 2513 2305; baseline 0.001 -16"><span class='ocrx_word' id='word_1_243' title='bbox 306 2246 713 2301; x_wconf 82' lang='lat' dir='ltr'>gymnasmatis</span> <span class='ocrx_word' id='word_1_244' title='bbox 739 2247 886 2305; x_wconf 93' lang='lat' dir='ltr'>(tom.</span> <span class='ocrx_word' id='word_1_245' title='bbox 910 2249 956 2291; x_wconf 96' lang='lat' dir='ltr'>II</span> <span class='ocrx_word' id='word_1_246' title='bbox 982 2261 1031 2303; x_wconf 94' lang='lat' dir='ltr'>p.</span> <span class='ocrx_word' id='word_1_247' title='bbox 1059 2248 1174 2305; x_wconf 89' lang='lat'>151).</span> <span class='ocrx_word' id='word_1_248' title='bbox 1203 2249 1449 2291; x_wconf 91' lang='lat' dir='ltr'>Ceterum</span> <span class='ocrx_word' id='word_1_249' title='bbox 1476 2249 1542 2292; x_wconf 91' lang='lat' dir='ltr'>de</span> <span class='ocrx_word' id='word_1_250' title='bbox 1569 2249 1766 2303; x_wconf 89' lang='lat' dir='ltr'>origine</span> <span class='ocrx_word' id='word_1_251' title='bbox 1792 2248 2019 2302; x_wconf 90' lang='lat' dir='ltr'>catalogi</span> <span class='ocrx_word' id='word_1_252' title='bbox 2043 2249 2312 2291; x_wconf 88' lang='lat' dir='ltr'>Ptolemaei</span> <span class='ocrx_word' id='word_1_253' title='bbox 2338 2248 2513 2291; x_wconf 93' lang='lat' dir='ltr'>adhuc</span> 
     </span>
     <span class='ocr_line' id='line_1_30' title="bbox 308 2318 2515 2375; baseline 0 -14"><span class='ocrx_word' id='word_1_254' title='bbox 308 2318 592 2362; x_wconf 88' lang='lat' dir='ltr'>dubitatur.</span> <span class='ocrx_word' id='word_1_255' title='bbox 621 2319 739 2373; x_wconf 92' lang='lat' dir='ltr'>Ipse</span> <span class='ocrx_word' id='word_1_256' title='bbox 758 2320 1074 2362; x_wconf 86' lang='lat' dir='ltr'>Ptolemaeus</span> <span class='ocrx_word' id='word_1_257' title='bbox 1097 2320 1329 2374; x_wconf 84' lang='lat' dir='ltr'>primurn</span> <span class='ocrx_word' id='word_1_258' title='bbox 1354 2332 1554 2362; x_wconf 90' lang='lat' dir='ltr'>annum</span> <span class='ocrx_word' id='word_1_259' title='bbox 1573 2319 1822 2363; x_wconf 91' lang='lat' dir='ltr'>Antonini</span> <span class='ocrx_word' id='word_1_260' title='bbox 1841 2319 1911 2361; x_wconf 90' lang='lat' dir='ltr'>Pii</span> <span class='ocrx_word' id='word_1_261' title='bbox 1935 2318 1985 2375; x_wconf 91' lang='lat' dir='ltr'>(i.</span> <span class='ocrx_word' id='word_1_262' title='bbox 2008 2331 2052 2362; x_wconf 95' lang='lat' dir='ltr'>e.</span> <span class='ocrx_word' id='word_1_263' title='bbox 2074 2319 2133 2362; x_wconf 90' lang='lat' dir='ltr'>A.</span> <span class='ocrx_word' id='word_1_264' title='bbox 2158 2319 2220 2360; x_wconf 92' lang='lat' dir='ltr'>D.</span> <span class='ocrx_word' id='word_1_265' title='bbox 2247 2318 2347 2375; x_wconf 89' lang='lat'>138)</span> <span class='ocrx_word' id='word_1_266' title='bbox 2374 2322 2515 2362; x_wconf 92' lang='lat' dir='ltr'>cata—</span> 
     </span>
     <span class='ocr_line' id='line_1_31' title="bbox 307 2390 2514 2446; baseline 0 -14"><span class='ocrx_word' id='word_1_267' title='bbox 307 2390 487 2445; x_wconf 89' lang='lat' dir='ltr'>logum</span> <span class='ocrx_word' id='word_1_268' title='bbox 507 2401 664 2432; x_wconf 90' lang='lat' dir='ltr'>suum</span> <span class='ocrx_word' id='word_1_269' title='bbox 683 2390 948 2445; x_wconf 92' lang='lat' dir='ltr'>respicere</span> <span class='ocrx_word' id='word_1_270' title='bbox 968 2390 1061 2442; x_wconf 90' lang='lat' dir='ltr'>ait;</span> <span class='ocrx_word' id='word_1_271' title='bbox 1090 2393 1144 2433; x_wconf 95' lang='lat' dir='ltr'>at</span> <span class='ocrx_word' id='word_1_272' title='bbox 1163 2391 1512 2446; x_wconf 91' lang='lat' dir='ltr'>longitudines</span> <span class='ocrx_word' id='word_1_273' title='bbox 1531 2392 1804 2434; x_wconf 90' lang='lat' dir='ltr'>stellarum</span> <span class='ocrx_word' id='word_1_274' title='bbox 1824 2402 1931 2433; x_wconf 92' lang='lat' dir='ltr'>non</span> <span class='ocrx_word' id='word_1_275' title='bbox 1952 2401 2078 2432; x_wconf 92' lang='lat' dir='ltr'>cum</span> <span class='ocrx_word' id='word_1_276' title='bbox 2103 2390 2206 2433; x_wconf 93' lang='lat' dir='ltr'>hoc</span> <span class='ocrx_word' id='word_1_277' title='bbox 2235 2401 2392 2442; x_wconf 90' lang='lat' dir='ltr'>anno,</span> <span class='ocrx_word' id='word_1_278' title='bbox 2419 2390 2514 2433; x_wconf 89' lang='lat' dir='ltr'>sed</span> 
     </span>
     <span class='ocr_line' id='line_1_32' title="bbox 307 2460 2513 2518; baseline -0.001 -13"><span class='ocrx_word' id='word_1_279' title='bbox 307 2461 482 2516; x_wconf 92' lang='lat' dir='ltr'>potius</span> <span class='ocrx_word' id='word_1_280' title='bbox 503 2473 627 2504; x_wconf 93' lang='lat' dir='ltr'>cum</span> <span class='ocrx_word' id='word_1_281' title='bbox 647 2461 707 2504; x_wconf 89' lang='lat' dir='ltr'>A.</span> <span class='ocrx_word' id='word_1_282' title='bbox 731 2462 793 2504; x_wconf 95' lang='lat' dir='ltr'>D.</span> <span class='ocrx_word' id='word_1_283' title='bbox 816 2461 873 2504; x_wconf 89' lang='grc'>58</span> <span class='ocrx_word' id='word_1_284' title='bbox 894 2465 1190 2517; x_wconf 91' lang='lat' dir='ltr'>congruunt</span> <span class='ocrx_word' id='word_1_285' title='bbox 1209 2462 1294 2518; x_wconf 90' lang='lat' dir='ltr'>(cf.</span> <span class='ocrx_word' id='word_1_286' title='bbox 1318 2463 1370 2505; x_wconf 93' lang='lat' dir='ltr'>C.</span> <span class='ocrx_word' id='word_1_287' title='bbox 1396 2462 1461 2505; x_wconf 93' lang='lat' dir='ltr'>H.</span> <span class='ocrx_word' id='word_1_288' title='bbox 1484 2462 1534 2505; x_wconf 94' lang='lat' dir='ltr'>F.</span> <span class='ocrx_word' id='word_1_289' title='bbox 1556 2463 1730 2505; x_wconf 91' lang='lat' dir='ltr'>Peters</span> <span class='ocrx_word' id='word_1_290' title='bbox 1751 2462 1791 2503; x_wconf 70' lang='lat'>81</span> <span class='ocrx_word' id='word_1_291' title='bbox 1814 2462 1864 2504; x_wconf 93' lang='lat' dir='ltr'>E.</span> <span class='ocrx_word' id='word_1_292' title='bbox 1889 2461 1940 2503; x_wconf 94' lang='grc' dir='ltr'>Β.</span> <span class='ocrx_word' id='word_1_293' title='bbox 1965 2461 2186 2512; x_wconf 89' lang='lat' dir='ltr'>Knobel‚</span> <span class='ocrx_word' id='word_1_294' title='bbox 2208 2460 2419 2504; x_wconf 85' lang='lat' dir='ltr'>Ptolem</span> <span class='ocrx_word' id='word_1_295' title='bbox 2423 2460 2513 2515; x_wconf 81' lang='lat' dir='ltr'>y&#39;s</span> 
     </span>
     <span class='ocr_line' id='line_1_33' title="bbox 311 2530 2511 2590; baseline 0 -15"><span class='ocrx_word' id='word_1_296' title='bbox 311 2531 610 2586; x_wconf 77' lang='lat' dir='ltr'>catalogue</span> <span class='ocrx_word' id='word_1_297' title='bbox 625 2530 867 2585; x_wconf 78' lang='lat' dir='ltr'>ofStars,</span> <span class='ocrx_word' id='word_1_298' title='bbox 890 2544 923 2575; x_wconf 90' lang='lat' dir='ltr'>a</span> <span class='ocrx_word' id='word_1_299' title='bbox 943 2531 1186 2575; x_wconf 85' lang='lat' dir='ltr'>revision</span> <span class='ocrx_word' id='word_1_300' title='bbox 1208 2531 1273 2576; x_wconf 79' lang='lat' dir='ltr'>of</span> <span class='ocrx_word' id='word_1_301' title='bbox 1284 2532 1374 2575; x_wconf 83' lang='lat' dir='ltr'>the</span> <span class='ocrx_word' id='word_1_302' title='bbox 1387 2531 1683 2587; x_wconf 83' lang='lat' dir='ltr'>Almagest</span> <span class='ocrx_word' id='word_1_303' title='bbox 1700 2531 2066 2590; x_wconf 91' lang='lat' dir='ltr'>[Washington</span> <span class='ocrx_word' id='word_1_304' title='bbox 2084 2531 2212 2588; x_wconf 89' lang='lat'>1915]</span> <span class='ocrx_word' id='word_1_305' title='bbox 2232 2544 2281 2586; x_wconf 91' lang='lat' dir='ltr'>p.</span> <span class='ocrx_word' id='word_1_306' title='bbox 2303 2531 2387 2588; x_wconf 87' lang='lat'>15).</span> <span class='ocrx_word' id='word_1_307' title='bbox 2411 2531 2511 2575; x_wconf 93' lang='lat' dir='ltr'>Hic</span> 
     </span>
     <span class='ocr_line' id='line_1_34' title="bbox 309 2602 2510 2659; baseline -0 -13"><span class='ocrx_word' id='word_1_308' title='bbox 309 2616 478 2647; x_wconf 91' lang='lat' dir='ltr'>annus</span> <span class='ocrx_word' id='word_1_309' title='bbox 502 2603 584 2647; x_wconf 94' lang='lat'>187</span> <span class='ocrx_word' id='word_1_310' title='bbox 606 2603 756 2646; x_wconf 92' lang='lat' dir='ltr'>annis</span> <span class='ocrx_word' id='word_1_311' title='bbox 776 2604 1038 2658; x_wconf 92' lang='lat' dir='ltr'>posterior</span> <span class='ocrx_word' id='word_1_312' title='bbox 1058 2607 1137 2647; x_wconf 93' lang='lat' dir='ltr'>est</span> <span class='ocrx_word' id='word_1_313' title='bbox 1154 2607 1312 2648; x_wconf 87' lang='lat' dir='ltr'>aetate</span> <span class='ocrx_word' id='word_1_314' title='bbox 1328 2604 1635 2659; x_wconf 90' lang='lat' dir='ltr'>Hipparchi,</span> <span class='ocrx_word' id='word_1_315' title='bbox 1659 2604 1802 2658; x_wconf 93' lang='lat' dir='ltr'>quod</span> <span class='ocrx_word' id='word_1_316' title='bbox 1815 2602 2229 2658; x_wconf 73' lang='lat' dir='ltr'>praecessionem</span> <span class='ocrx_word' id='word_1_317' title='bbox 2244 2603 2335 2645; x_wconf 93' lang='lat' dir='ltr'>dat</span> <span class='ocrx_word' id='word_1_318' title='bbox 2347 2603 2400 2645; x_wconf 91' lang='lat'>20</span> <span class='ocrx_word' id='word_1_319' title='bbox 2413 2602 2510 2654; x_wconf 81' lang='lat'>36¹,</span> 
     </span>
     <span class='ocr_line' id='line_1_35' title="bbox 309 2673 2512 2729; baseline -0.001 -11"><span class='ocrx_word' id='word_1_320' title='bbox 309 2686 543 2729; x_wconf 90' lang='lat' dir='ltr'>quocum</span> <span class='ocrx_word' id='word_1_321' title='bbox 558 2675 692 2718; x_wconf 92' lang='lat' dir='ltr'>bene</span> <span class='ocrx_word' id='word_1_322' title='bbox 707 2675 983 2727; x_wconf 90' lang='lat' dir='ltr'>consentit,</span> <span class='ocrx_word' id='word_1_323' title='bbox 1006 2676 1149 2729; x_wconf 92' lang='lat' dir='ltr'>quod</span> <span class='ocrx_word' id='word_1_324' title='bbox 1168 2676 1222 2718; x_wconf 91' lang='lat'>2⁰</span> <span class='ocrx_word' id='word_1_325' title='bbox 1234 2675 1292 2718; x_wconf 92' lang='lat'>40</span> <span class='ocrx_word' id='word_1_326' title='bbox 1302 2678 1314 2700; x_wconf 86' lang='lat'><strong><em>¹</em></strong></span> <span class='ocrx_word' id='word_1_327' title='bbox 1331 2675 1624 2729; x_wconf 89' lang='lat' dir='ltr'>Hipparchi</span> <span class='ocrx_word' id='word_1_328' title='bbox 1637 2674 1985 2729; x_wconf 89' lang='lat' dir='ltr'>longitudines</span> <span class='ocrx_word' id='word_1_329' title='bbox 2001 2686 2032 2716; x_wconf 91' lang='lat' dir='ltr'>a</span> <span class='ocrx_word' id='word_1_330' title='bbox 2047 2674 2153 2717; x_wconf 92' lang='lat' dir='ltr'>suis</span> <span class='ocrx_word' id='word_1_331' title='bbox 2168 2673 2382 2717; x_wconf 84' lang='lat' dir='ltr'>differre</span> <span class='ocrx_word' id='word_1_332' title='bbox 2396 2686 2512 2717; x_wconf 92' lang='lat' dir='ltr'>sese</span> 
     </span>
     <span class='ocr_line' id='line_1_36' title="bbox 307 2745 2509 2803; baseline -0 -15"><span class='ocrx_word' id='word_1_333' title='bbox 307 2746 569 2789; x_wconf 90' lang='lat' dir='ltr'>invenisse</span> <span class='ocrx_word' id='word_1_334' title='bbox 596 2746 668 2789; x_wconf 91' lang='lat' dir='ltr'>ait</span> <span class='ocrx_word' id='word_1_335' title='bbox 692 2747 1008 2790; x_wconf 85' lang='lat' dir='ltr'>Ptolemaeus</span> <span class='ocrx_word' id='word_1_336' title='bbox 1033 2745 1207 2803; x_wconf 82' lang='lat' dir='ltr'>(Synt.</span> <span class='ocrx_word' id='word_1_337' title='bbox 1230 2746 1325 2788; x_wconf 92' lang='lat' dir='ltr'>VII</span> <span class='ocrx_word' id='word_1_338' title='bbox 1352 2746 1468 2789; x_wconf 88' lang='grc'>2-3</span> <span class='ocrx_word' id='word_1_339' title='bbox 1494 2758 1579 2800; x_wconf 93' lang='lat' dir='ltr'>pp.</span> <span class='ocrx_word' id='word_1_340' title='bbox 1614 2746 1665 2788; x_wconf 94' lang='lat'>15</span> <span class='ocrx_word' id='word_1_341' title='bbox 1692 2745 1733 2787; x_wconf 72' lang='lat'>81</span> <span class='ocrx_word' id='word_1_342' title='bbox 1757 2745 1815 2788; x_wconf 89' lang='lat'>23</span> <span class='ocrx_word' id='word_1_343' title='bbox 1843 2745 2103 2802; x_wconf 89' lang='lat' dir='ltr'>Heiberg).</span> <span class='ocrx_word' id='word_1_344' title='bbox 2133 2745 2287 2796; x_wconf 89' lang='lat' dir='ltr'>Quod</span> <span class='ocrx_word' id='word_1_345' title='bbox 2314 2748 2509 2797; x_wconf 90' lang='lat' dir='ltr'>autem,</span> 
     </span>
     <span class='ocr_line' id='line_1_37' title="bbox 310 2816 2512 2871; baseline 0 -12"><span class='ocrx_word' id='word_1_346' title='bbox 310 2817 473 2860; x_wconf 91' lang='lat' dir='ltr'>etiam</span> <span class='ocrx_word' id='word_1_347' title='bbox 498 2817 551 2859; x_wconf 92' lang='lat' dir='ltr'>in</span> <span class='ocrx_word' id='word_1_348' title='bbox 577 2828 738 2871; x_wconf 92' lang='lat' dir='ltr'>opere</span> <span class='ocrx_word' id='word_1_349' title='bbox 765 2817 869 2869; x_wconf 92' lang='lat' dir='ltr'>illo,</span> <span class='ocrx_word' id='word_1_350' title='bbox 898 2818 1042 2871; x_wconf 91' lang='lat' dir='ltr'>quod</span> <span class='ocrx_word' id='word_1_351' title='bbox 1067 2829 1228 2871; x_wconf 89' lang='lat' dir='ltr'>supra</span> <span class='ocrx_word' id='word_1_352' title='bbox 1255 2817 1540 2868; x_wconf 88' lang='lat' dir='ltr'>attulimus,</span> <span class='ocrx_word' id='word_1_353' title='bbox 1567 2817 1688 2860; x_wconf 93' lang='lat' dir='ltr'>inde</span> <span class='ocrx_word' id='word_1_354' title='bbox 1709 2816 2055 2867; x_wconf 90' lang='lat' dir='ltr'>concluditur,</span> <span class='ocrx_word' id='word_1_355' title='bbox 2082 2816 2352 2859; x_wconf 85' lang='lat' dir='ltr'>Ptolemaei</span> <span class='ocrx_word' id='word_1_356' title='bbox 2372 2819 2512 2859; x_wconf 88' lang='lat' dir='ltr'>cata-</span> 
     </span>
    </p>
   </div>
   <div class='ocr_carea' id='block_1_8' title="bbox 309 2887 2511 3441">
    <p class='ocr_par' dir='ltr' id='par_1_12' title="bbox 309 2887 2511 3441">
     <span class='ocr_line' id='line_1_38' title="bbox 310 2887 2511 2943; baseline 0 -13"><span class='ocrx_word' id='word_1_357' title='bbox 310 2889 489 2943; x_wconf 89' lang='lat' dir='ltr'>logum</span> <span class='ocrx_word' id='word_1_358' title='bbox 518 2887 644 2930; x_wconf 92' lang='lat' dir='ltr'>nihil</span> <span class='ocrx_word' id='word_1_359' title='bbox 675 2888 817 2931; x_wconf 91' lang='lat' dir='ltr'>aliud</span> <span class='ocrx_word' id='word_1_360' title='bbox 845 2900 960 2931; x_wconf 93' lang='lat' dir='ltr'>esse</span> <span class='ocrx_word' id='word_1_361' title='bbox 990 2901 1154 2942; x_wconf 90' lang='lat' dir='ltr'>quam</span> <span class='ocrx_word' id='word_1_362' title='bbox 1183 2889 1485 2943; x_wconf 88' lang='lat' dir='ltr'>catalogum</span> <span class='ocrx_word' id='word_1_363' title='bbox 1517 2887 1808 2942; x_wconf 87' lang='lat' dir='ltr'>Hipparchi</span> <span class='ocrx_word' id='word_1_364' title='bbox 1835 2887 1909 2930; x_wconf 92' lang='lat' dir='ltr'>ita</span> <span class='ocrx_word' id='word_1_365' title='bbox 1938 2890 2254 2939; x_wconf 82' lang='lat' dir='ltr'>correctum,</span> <span class='ocrx_word' id='word_1_366' title='bbox 2285 2890 2342 2930; x_wconf 94' lang='lat' dir='ltr'>ut</span> <span class='ocrx_word' id='word_1_367' title='bbox 2371 2887 2511 2930; x_wconf 91' lang='lat' dir='ltr'>idem</span> 
     </span>
     <span class='ocr_line' id='line_1_39' title="bbox 310 2957 2511 3015; baseline -0 -14"><span class='ocrx_word' id='word_1_368' title='bbox 310 2970 563 3002; x_wconf 91' lang='lat' dir='ltr'>numerus</span> <span class='ocrx_word' id='word_1_369' title='bbox 590 2960 780 3014; x_wconf 90' lang='lat' dir='ltr'>cuique</span> <span class='ocrx_word' id='word_1_370' title='bbox 806 2959 1113 3015; x_wconf 90' lang='lat' dir='ltr'>longitudini</span> <span class='ocrx_word' id='word_1_371' title='bbox 1139 2959 1349 3002; x_wconf 86' lang='lat' dir='ltr'>additus</span> <span class='ocrx_word' id='word_1_372' title='bbox 1375 2959 1454 3011; x_wconf 92' lang='lat' dir='ltr'>sit,</span> <span class='ocrx_word' id='word_1_373' title='bbox 1482 2970 1699 3014; x_wconf 92' lang='lat' dir='ltr'>prorsus</span> <span class='ocrx_word' id='word_1_374' title='bbox 1723 2958 1984 3002; x_wconf 92' lang='lat' dir='ltr'>incertum</span> <span class='ocrx_word' id='word_1_375' title='bbox 2010 2961 2103 3001; x_wconf 92' lang='lat' dir='ltr'>est.</span> <span class='ocrx_word' id='word_1_376' title='bbox 2139 2958 2278 3001; x_wconf 91' lang='lat' dir='ltr'>Nam</span> <span class='ocrx_word' id='word_1_377' title='bbox 2305 2957 2511 3000; x_wconf 88' lang='lat' dir='ltr'>etiamsi</span> 
     </span>
     <span class='ocr_line' id='line_1_40' title="bbox 310 3028 2511 3086; baseline -0 -14"><span class='ocrx_word' id='word_1_378' title='bbox 310 3030 421 3084; x_wconf 91' lang='lat' dir='ltr'>ipse</span> <span class='ocrx_word' id='word_1_379' title='bbox 440 3031 756 3073; x_wconf 81' lang='lat' dir='ltr'>Ptolemaeus</span> <span class='ocrx_word' id='word_1_380' title='bbox 781 3031 1129 3086; x_wconf 90' lang='lat' dir='ltr'>longitudines</span> <span class='ocrx_word' id='word_1_381' title='bbox 1156 3030 1474 3082; x_wconf 89' lang='lat' dir='ltr'>observavit,</span> <span class='ocrx_word' id='word_1_382' title='bbox 1501 3033 1683 3073; x_wconf 91' lang='lat' dir='ltr'>tamen</span> <span class='ocrx_word' id='word_1_383' title='bbox 1708 3033 1924 3085; x_wconf 92' lang='lat' dir='ltr'>propter</span> <span class='ocrx_word' id='word_1_384' title='bbox 1949 3029 2299 3084; x_wconf 89' lang='lat' dir='ltr'>ignorantiam</span> <span class='ocrx_word' id='word_1_385' title='bbox 2318 3028 2511 3071; x_wconf 87' lang='lat' dir='ltr'>refrac-</span> 
     </span>
     <span class='ocr_line' id='line_1_41' title="bbox 309 3101 2510 3145; baseline -0 -2"><span class='ocrx_word' id='word_1_386' title='bbox 309 3101 466 3144; x_wconf 93' lang='lat' dir='ltr'>tionis</span> <span class='ocrx_word' id='word_1_387' title='bbox 491 3102 575 3144; x_wconf 93' lang='lat' dir='ltr'>vel</span> <span class='ocrx_word' id='word_1_388' title='bbox 602 3101 769 3144; x_wconf 86' lang='lat' dir='ltr'>Lunae</span> <span class='ocrx_word' id='word_1_389' title='bbox 797 3105 1006 3145; x_wconf 91' lang='lat' dir='ltr'>motum</span> <span class='ocrx_word' id='word_1_390' title='bbox 1036 3102 1167 3145; x_wconf 83' lang='lat' dir='ltr'>falso</span> <span class='ocrx_word' id='word_1_391' title='bbox 1194 3101 1518 3144; x_wconf 86' lang='lat' dir='ltr'>aestimatum</span> <span class='ocrx_word' id='word_1_392' title='bbox 1546 3102 1630 3144; x_wconf 91' lang='lat' dir='ltr'>vel</span> <span class='ocrx_word' id='word_1_393' title='bbox 1655 3101 1782 3144; x_wconf 88' lang='lat' dir='ltr'>vitia</span> <span class='ocrx_word' id='word_1_394' title='bbox 1807 3101 2276 3144; x_wconf 89' lang='lat' dir='ltr'>instrumentorum</span> <span class='ocrx_word' id='word_1_395' title='bbox 2303 3111 2510 3143; x_wconf 93' lang='lat' dir='ltr'>errores</span> 
     </span>
     <span class='ocr_line' id='line_1_42' title="bbox 311 3171 2511 3227; baseline -0 -13"><span class='ocrx_word' id='word_1_396' title='bbox 311 3183 498 3227; x_wconf 90' lang='lat' dir='ltr'>graves</span> <span class='ocrx_word' id='word_1_397' title='bbox 524 3172 754 3226; x_wconf 93' lang='lat' dir='ltr'>irrepere</span> <span class='ocrx_word' id='word_1_398' title='bbox 779 3176 1077 3227; x_wconf 90' lang='lat' dir='ltr'>potuerunt.</span> <span class='ocrx_word' id='word_1_399' title='bbox 1106 3172 1550 3215; x_wconf 86' lang='lat' dir='ltr'>Existimaverunt</span> <span class='ocrx_word' id='word_1_400' title='bbox 1576 3175 1756 3215; x_wconf 92' lang='lat' dir='ltr'>autem</span> <span class='ocrx_word' id='word_1_401' title='bbox 1784 3171 2076 3215; x_wconf 90' lang='lat' dir='ltr'>astronomi</span> <span class='ocrx_word' id='word_1_402' title='bbox 2100 3171 2316 3223; x_wconf 88' lang='lat' dir='ltr'>Arabes,</span> <span class='ocrx_word' id='word_1_403' title='bbox 2346 3184 2378 3213; x_wconf 93' lang='lat' dir='ltr'>a</span> <span class='ocrx_word' id='word_1_404' title='bbox 2405 3171 2511 3214; x_wconf 94' lang='lat' dir='ltr'>Me-</span> 
     </span>
     <span class='ocr_line' id='line_1_43' title="bbox 311 3242 2508 3298; baseline -0 -13"><span class='ocrx_word' id='word_1_405' title='bbox 311 3244 465 3286; x_wconf 90' lang='lat' dir='ltr'>nelao</span> <span class='ocrx_word' id='word_1_406' title='bbox 480 3244 754 3286; x_wconf 91' lang='lat' dir='ltr'>stellarum</span> <span class='ocrx_word' id='word_1_407' title='bbox 768 3245 888 3287; x_wconf 94' lang='lat' dir='ltr'>loca</span> <span class='ocrx_word' id='word_1_408' title='bbox 901 3245 1247 3287; x_wconf 86' lang='lat' dir='ltr'>Ptolemaeurn</span> <span class='ocrx_word' id='word_1_409' title='bbox 1267 3243 1339 3286; x_wconf 92' lang='lat' dir='ltr'>ita</span> <span class='ocrx_word' id='word_1_410' title='bbox 1359 3243 1662 3298; x_wconf 92' lang='lat' dir='ltr'>sumpsisse,</span> <span class='ocrx_word' id='word_1_411' title='bbox 1683 3246 1742 3285; x_wconf 92' lang='lat' dir='ltr'>ut</span> <span class='ocrx_word' id='word_1_412' title='bbox 1760 3242 2165 3298; x_wconf 89' lang='lat' dir='ltr'>longitudinibus</span> <span class='ocrx_word' id='word_1_413' title='bbox 2179 3243 2399 3286; x_wconf 89' lang='lat' dir='ltr'>adderet</span> <span class='ocrx_word' id='word_1_414' title='bbox 2410 3242 2508 3293; x_wconf 82' lang='lat'>25¹,</span> 
     </span>
     <span class='ocr_line' id='line_1_44' title="bbox 310 3313 2508 3369; baseline -0 -13"><span class='ocrx_word' id='word_1_415' title='bbox 310 3314 340 3356; x_wconf 93' lang='lat' dir='ltr'>i.</span> <span class='ocrx_word' id='word_1_416' title='bbox 358 3326 401 3356; x_wconf 91' lang='lat' dir='ltr'>e.</span> <span class='ocrx_word' id='word_1_417' title='bbox 419 3314 830 3368; x_wconf 85' lang='lat' dir='ltr'>praecessionem</span> <span class='ocrx_word' id='word_1_418' title='bbox 852 3326 1115 3358; x_wconf 92' lang='lat' dir='ltr'>annorum</span> <span class='ocrx_word' id='word_1_419' title='bbox 1134 3314 1207 3366; x_wconf 92' lang='lat'>41,</span> <span class='ocrx_word' id='word_1_420' title='bbox 1231 3325 1458 3368; x_wconf 89' lang='lat' dir='ltr'>quorum</span> <span class='ocrx_word' id='word_1_421' title='bbox 1479 3315 1732 3369; x_wconf 90' lang='lat' dir='ltr'>cujusque</span> <span class='ocrx_word' id='word_1_422' title='bbox 1747 3313 1826 3357; x_wconf 78' lang='lat'>36‘</span> <span class='ocrx_word' id='word_1_423' title='bbox 1833 3316 1844 3338; x_wconf 84' lang='lat'><strong><em>¹</em></strong></span> <span class='ocrx_word' id='word_1_424' title='bbox 1860 3313 2123 3357; x_wconf 86' lang='lat' dir='ltr'>aestimata</span> <span class='ocrx_word' id='word_1_425' title='bbox 2139 3316 2276 3356; x_wconf 91' lang='lat' dir='ltr'>esset</span> <span class='ocrx_word' id='word_1_426' title='bbox 2289 3313 2368 3369; x_wconf 89' lang='lat' dir='ltr'>(Al</span> <span class='ocrx_word' id='word_1_427' title='bbox 2384 3313 2508 3365; x_wconf 74' lang='lat' dir='ltr'>sufi,</span> 
     </span>
     <span class='ocr_line' id='line_1_45' title="bbox 309 3383 1792 3441; baseline 0.001 -15"><span class='ocrx_word' id='word_1_428' title='bbox 309 3383 658 3438; x_wconf 84' lang='lat' dir='ltr'>Description</span> <span class='ocrx_word' id='word_1_429' title='bbox 680 3385 783 3427; x_wconf 83' lang='lat' dir='ltr'>des</span> <span class='ocrx_word' id='word_1_430' title='bbox 805 3384 999 3428; x_wconf 71' lang='lat' dir='ltr'>etoiles</span> <span class='ocrx_word' id='word_1_431' title='bbox 1019 3384 1166 3428; x_wconf 78' lang='lat' dir='ltr'>fixes</span> <span class='ocrx_word' id='word_1_432' title='bbox 1185 3397 1234 3440; x_wconf 92' lang='lat' dir='ltr'>p.</span> <span class='ocrx_word' id='word_1_433' title='bbox 1256 3384 1314 3428; x_wconf 87' lang='lat'>42</span> <span class='ocrx_word' id='word_1_434' title='bbox 1334 3385 1414 3428; x_wconf 92' lang='lat' dir='ltr'>ed.</span> <span class='ocrx_word' id='word_1_435' title='bbox 1438 3385 1792 3441; x_wconf 89' lang='lat' dir='ltr'>Schjellerup).</span> 
     </span>
    </p>
   </div>
   <div class='ocr_carea' id='block_1_9' title="bbox 452 3468 522 3504">
    <p class='ocr_par' dir='ltr' id='par_1_13' title="bbox 452 3468 522 3504">
     <span class='ocr_line' id='line_1_46' title="bbox 452 3468 522 3504; baseline 0 0"><span class='ocrx_word' id='word_1_436' title='bbox 452 3468 522 3504; x_wconf 76' lang='lat'>52*</span> 
     </span>
    </p>
   </div>
  </div>
 </body>
</html>
