2976 4264
482 301 586 354 272
988 296 1597 351 ASTRONOMIAE
1623 296 2189 350 INSTAURATAE

483 449 732 495 crentur.
762 441 886 493 Cur
913 443 1090 492 etiam
1114 439 1479 491 interstitium
1498 441 1801 503 Vtriusque
1824 438 2265 492 Obseruationis
2288 440 2438 493 adeo
2462 438 2688 493 arctum

482 512 779 576 assumpfit‚
808 526 943 562 cum
967 510 1156 562 multo
1182 510 1454 575 ampliuS,
1483 510 1663 562 Stella
1686 513 1927 575 proprio
1953 516 2120 563 motu
2141 518 2391 572 carente,
2419 511 2688 576 nihilque

481 585 618 635 hinc
644 585 763 648 vitij
793 582 1145 647 suggerente,
1172 597 1280 646 pro
1301 581 1596 633 Parallaxi
1621 584 1949 646 promptius
1970 582 2022 634 8(
2044 585 2255 634 certius
2282 582 2687 648 dignoscenda,

482 655 714 719 elegisse,
737 656 1187 705 conuenientius
1206 651 1422 704 fuisset?
1443 652 1565 716 Qui
1586 652 1820 717 insuper
1839 652 1968 704 fieri
1987 656 2191 717 potuit,
2210 660 2270 705 vt
2289 656 2352 705 in
2373 655 2583 707 eodem
2602 657 2687 706 in-

479 726 660 785 stanti,
677 740 796 789 quo
805 723 1090 775 Azimuth
1104 730 1280 788 atque
1296 723 1542 776 altitudo
1558 723 1752 776 Stellae
1768 723 2166 788 capiebantur,
2183 728 2427 790 eiusque
2442 741 2546 790 per
2559 725 2688 778 Me-

480 797 777 848 ridianum
796 795 1065 847 transitus
1085 794 1278 856 fiebat,
1299 811 1453 847 vnus
1475 794 1527 846 8(
1547 795 1704 847 idem
1726 795 2099 856 obseruator,
2128 796 2298 862 Lyrae
2320 796 2691 849 altitudinem

479 871 695 932 pariter
722 866 1069 931 exploraret,
1096 869 1178 918 ita
1196 873 1256 918 vt
1276 869 1338 917 in
1357 873 1523 918 tanta
1544 869 1719 931 primi
1744 866 1979 919 mobilis
2005 867 2330 932 rapiditate,
2358 868 2525 920 nulla
2549 870 2689 920 inci-

481 939 639 991 deret
660 936 1196 990 disconuenientia'?
1217 938 1287 989 Et
1308 946 1459 990 certe
1481 938 1853 1002 aliquantula
1871 941 1935 990 in
1947 938 2275 990 Altitudine
2295 938 2474 991 huius
2495 939 2690 992 Steuae

480 1012 746 1070 variati0‚
774 1025 980 1061 arcum
1004 1009 1347 1073 AEquatoris
1372 1009 1771 1061 meridianum
1796 1009 2209 1071 transeuntem,
2236 1010 2424 1062 multo
2449 1011 2583 1075 plus
2608 1011 2690 1063 al-

480 1084 712 1133 terauit:
739 1080 993 1145 ideoque
1014 1080 1353 1142 ParallaxiS‚
1382 1096 1517 1145 quae
1539 1081 1930 1145 quaerebatur,
1956 1081 2130 1146 longe
2157 1081 2325 1134 aliter
2351 1084 2544 1144 etiam,
2574 1081 2690 1146 (vel

480 1155 675 1218 potius
686 1151 918 1216 prorsus
930 1151 1112 1213 nulla,
1128 1151 1169 1203 fi
1180 1154 1385 1204 omnia
1396 1154 1539 1204 citra
1548 1152 1737 1204 vllum
1748 1167 2008 1204 errorem
2019 1153 2418 1205 administrata
2427 1153 2690 1217 fuissent,)

480 1226 796 1289 prouenire
810 1230 1053 1288 poterat.
1065 1222 1261 1275 Taceo
1273 1239 1432 1275 nunc
1445 1224 1605 1288 quod
1617 1239 1690 1275 ex
1701 1224 1872 1289 Lyrae
1887 1224 2211 1286 altitudine,
2226 1224 2357 1277 haec
2370 1231 2690 1286 momenta,

483 1311 553 1347 ea
579 1294 934 1360 praecifione‚
962 1297 1082 1359 qua
1108 1310 1258 1359 opus
1286 1302 1425 1356 erat,
1453 1310 1577 1346 non
1596 1294 1729 1347 satis
1749 1301 1874 1347 tuto
1899 1295 2302 1360 persentiscere
2327 1295 2575 1348 licuerit:
2604 1296 2692 1348 Ex

482 1383 601 1431 quo
622 1369 871 1418 mutatio
893 1366 1216 1418 altitudinis
1237 1369 1364 1418 eius
1384 1368 1581 1418 minor
1601 1366 1895 1419 &tardior
1917 1366 2081 1428 foret,
2110 1383 2291 1432 quam
2318 1368 2478 1432 quod
2503 1370 2692 1420 motui

481 1437 838 1502 AEquatoris‚
865 1438 1052 1489 multo
1081 1437 1347 1490 celeriori
1372 1437 1738 1490 satisfaceret.
1767 1439 1910 1490 Non
1929 1441 2102 1504 igitur
2121 1438 2352 1491 videtur
2372 1455 2506 1491 eam
2526 1438 2691 1492 adhi-

480 1510 653 1562 buisse
680 1508 963 1561 Nolthius
990 1512 1053 1561 in
1078 1508 1171 1560 his
1199 1507 1792 1574 circumspectionem,
1823 1525 1959 1574 quae
1986 1513 2233 1562 omnino
2262 1513 2325 1562 in
2353 1517 2476 1563 tam
2504 1510 2695 1563 subtili

481 1583 716 1646 negotio
732 1581 1159 1645 requirebatur:
1183 1581 1252 1632 Et
1265 1580 1473 1645 procul
1487 1580 1684 1642 dubio,
1699 1581 1938 1633 ludicris
1954 1581 2006 1632 8(
2019 1581 2360 1645 puerilibus,
2375 1585 2693 1646 minusque

481 1652 711 1704 idoneis
736 1652 869 1704 vsus
898 1652 972 1703 est
998 1652 1412 1704 Instrumentis.
1445 1651 1624 1715 Quod
1650 1652 1745 1704 vel
1771 1651 1910 1704 hinc
1935 1652 2135 1717 liquet,
2164 1669 2237 1705 ex
2263 1669 2383 1718 quo
2408 1660 2531 1706 tam
2556 1654 2692 1705 Azi-

481 1723 667 1784 muth,
693 1739 876 1788 quam
897 1718 1315 1791 altitudi-ssnem
1336 1723 1531 1776 Stellae
1551 1726 1614 1775 in
1633 1726 1871 1789 integris
1891 1723 2151 1776 absolute
2173 1724 2473 1777 Gradibus
2493 1731 2692 1789 ponat,

482 1795 661 1847 nullis
680 1794 777 1847 hic
797 1794 893 1846 vel
912 1795 992 1847 ibi
1012 1794 1452 1847 adhaerentibus
1474 1795 1741 1847 MinutiS.
1770 1796 1928 1848 Licet
1949 1798 2109 1848 enim
2129 1796 2386 1848 consulte
2412 1796 2626 1858 fecerit,
2653 1796 2695 1848 fi

484 1866 893 1930 Quadrantem
906 1869 969 1917 in
982 1866 1161 1931 pleno
1176 1866 1378 1931 aliquo
1392 1866 1762 1919 Azimuthali
1778 1867 1963 1932 gradu
1979 1866 2167 1919 fixum
2182 1867 2484 1929 constituit,
2506 1867 2694 1920 donec

484 1938 678 1990 Stellae
705 1937 1075 1990 altitudinem
1102 1938 1531 1990 coincidentem
1557 1941 1803 1990 rimatus
1830 1938 1926 1990 est:
1954 1954 2029 1990 ne
2055 1939 2225 1991 fimul
2250 1946 2372 1992 tam
2391 1938 2693 2001 Azimuth,

484 2025 666 2073 quam
686 2009 1057 2061 altitudinem
1078 2025 1283 2061 curare
1303 2010 1519 2061 necesse
1540 2008 1804 2061 haberet:
1832 2009 2063 2062 Tamen
2081 2013 2181 2062 vix
2200 2011 2583 2075 persuadebit,
2610 2013 2693 2075 ip-

482 2080 606 2132 sam
632 2080 1022 2132 Altitudinem
1047 2087 1187 2132 tunc
1214 2096 1453 2145 quoque
1479 2080 1725 2145 plenum
1751 2080 2013 2145 aliquem
2039 2082 2286 2146 gradum
2312 2082 2535 2147 absque
2561 2081 2694 2134 vllis

483 2153 747 2216 minutijS
767 2151 1056 2203 indicasse:
1077 2151 1173 2203 sed
1194 2151 1563 2204 Instrumenti
1582 2152 1642 2204 id
1661 2155 1856 2217 potius
1877 2151 2125 2205 defec'tui
2138 2154 2555 2217 imputandum
2571 2154 2691 2213 esse,

483 2225 693 2274 merito
715 2225 846 2287 quis
866 2222 1257 2287 suspicabitur.

554 2294 778 2345 Verum
797 2294 838 2345 fi
858 2293 1008 2345 nihil
1027 2293 1190 2346 aliud
1217 2295 1359 2355 esset,
1388 2294 1547 2358 quod
1568 2294 1795 2360 Nolthij
1822 2293 2293 2356 ObseruationeS,
2320 2296 2577 2360 indeque
2598 2295 2693 2348 de-

484 2363 718 2418 ductam
731 2365 1070 2417 Parallaxin
1089 2368 1276 2417 nimio
1297 2381 1493 2417 errore
1513 2365 1745 2427 scatere,
1768 2366 2103 2428 ostenderet,
2125 2367 2184 2419 id
2203 2367 2340 2419 sane
2354 2367 2487 2419 satis
2500 2367 2692 2432 super-

484 2452 599 2501 que
628 2436 767 2488 hinc
793 2437 1078 2501 proditur:
1111 2436 1289 2500 Quod
1314 2436 1729 2489 Ascenfionem
1755 2436 1992 2490 Rectam
2019 2438 2213 2490 Stellae
2245 2438 2458 2491 efficiat
2484 2439 2542 2490 P.
2570 2438 2691 2491 357.

485 2505 520 2573 Ι.
536 2508 597 2569 11,
619 2514 755 2559 ante
774 2507 1239 2561 intersectionem
1253 2508 1515 2560 Vernam
1528 2509 1587 2560 P.
1603 2508 1652 2560 2.
1670 2506 1704 2574 Ι.
1721 2509 1811 2561 49:
1835 2525 1969 2573 quae
1989 2515 2190 2561 tamen
2209 2512 2421 2562 reuera
2440 2510 2692 2562 Minutis

484 2579 559 2631 ad
586 2582 903 2631 minimum
928 2579 997 2631 26
1023 2579 1179 2632 hanc
1206 2580 1427 2631 excessit
1454 2579 1535 2643 (vt
1559 2596 1632 2631 ex
1652 2579 2056 2632 demonstratis
2077 2580 2223 2645 Cap.
2244 2581 2278 2633 5
2298 2580 2501 2645 patetz)
2528 2581 2615 2633 Ita
2633 2587 2694 2633 vt

484 2652 547 2701 in
560 2650 909 2702 Ascenfione
928 2649 1103 2703 Recta
1120 2650 1315 2703 Stellae
1335 2650 1740 2716 praefinienda‚
1762 2651 2043 2704 Nolthius
2064 2667 2325 2704 errorem
2345 2652 2693 2704 commiserit

484 2721 542 2772 P.
567 2722 615 2773 3.
646 2719 681 2787 l.
710 2723 787 2774 15:
820 2722 889 2774 Et
919 2723 1221 2786 quomodo
1250 2725 1300 2774 is
1328 2722 1683 2784 Parallaxin,
1714 2738 1850 2787 quae
1879 2723 2067 2775 multo
2097 2723 2400 2775 abstrufior
2429 2723 2519 2785 est,
2550 2726 2694 2776 citra

485 2808 662 2844 omne
683 2793 931 2845 dubium
950 2792 1394 2859 peruestigaret?
1422 2793 1667 2859 Oportet
1687 2797 1885 2859 itaque
1906 2794 2094 2859 ipsum
2114 2810 2190 2846 ne
2212 2796 2452 2859 quidem
2470 2795 2692 2847 lineam

485 2864 885 2916 Meridianam
899 2867 1005 2916 rite
1021 2864 1340 2930 defignasse,
1363 2881 1498 2929 quae
1512 2881 1616 2930 per
1629 2865 1685 2917 se
1699 2881 1824 2917 non
1837 2866 2163 2918 admodum
2176 2869 2427 2918 inuentu
2441 2865 2692 2918 difficilis

486 2935 575 2995 est,
598 2938 765 2987 cuius
786 2938 964 2988 etiam
985 2935 1189 2989 exacta
1207 2939 1426 2988 noticia
1446 2937 1771 2989 admodum
1790 2936 1887 2988 hic
1908 2944 2031 2989 erat
2050 2938 2376 2998 necessar1a,
2397 2938 2620 2990 nedum
2633 2943 2693 2989 vt

484 3006 790 3058 Azimuthi
822 3014 999 3071 atque
1032 3007 1355 3059 altitudinis
1388 3008 1813 3059 dimensionem
1845 3011 1987 3060 citra
2016 3024 2276 3060 errorem
2306 3015 2584 3060 executus
2612 3008 2691 3060 fit.

486 3077 636 3128 Fieri
657 3080 830 3142 igitur
849 3081 1053 3143 potuit,
1080 3085 1140 3130 vt
1166 3081 1229 3130 in
1248 3078 1484 3144 lingulis
1504 3078 1596 3130 his
1617 3082 1954 3144 ignoranter
1973 3079 2197 3143 aliquid
2219 3082 2431 3131 erroris
2452 3082 2691 3132 commi-

485 3147 630 3208 serit,
653 3151 754 3212 qui
774 3156 1186 3214 augmentatus
1201 3149 1253 3201 8(
1267 3150 1594 3202 faecundior
1607 3150 1883 3210 reddituS,
1904 3150 2242 3202 Parallaxin
2256 3151 2407 3203 adeo
2421 3151 2693 3203 iniustam

487 3218 681 3270 Stellae
714 3222 1028 3283 imputarit.
1063 3221 1263 3272 Maior
1297 3224 1514 3273 etenim
1542 3224 1606 3273 in
1633 3220 1970 3273 Azimuthis
2004 3221 2055 3272 &
2087 3221 2493 3274 altitudinibus
2523 3221 2693 3274 fimul

486 3289 708 3353 absque
730 3293 894 3341 omni
913 3291 1378 3344 hallucinatione
1400 3292 1716 3357 capiendis,
1736 3299 1864 3344 tum
1884 3295 2062 3344 etiam
2078 3299 2414 3357 temporum
2426 3308 2691 3345 momen-

471 3363 558 3423 ¹tis
578 3360 855 3413 subtiliter
875 3362 1085 3414 eodem
1105 3362 1335 3415 instanti
1355 3364 1639 3416 rimandis
1661 3363 1742 3428 (vt
1762 3364 1832 3416 de
1853 3364 2176 3416 Meridiani
2197 3363 2400 3417 exacto
2419 3363 2526 3416 fitu
2545 3363 2695 3415 nihil

2451 3435 2691 3498 addam)

2744 1101 2786 1135 10

2746 1458 2788 1492 15

2726 1734 2814 1778 759

2744 1814 2790 1849 20

2742 2171 2789 2206 25

2741 2527 2788 2563 30

2741 2883 2787 2918 35

2742 3238 2788 3272 40
