2976 4264
466 298 536 349 60
967 289 1574 344 ASTRONOMIAE
1600 288 2164 346 INSTAURATAE

467 434 865 490 amplitudinem
879 432 1054 474 Terrae
1077 430 1352 474 dimetiens
1373 430 1568 472 collata
1589 440 1805 472 omnem
1827 430 2030 473 sensum
2050 431 2246 486 effugit,
2267 431 2516 475 insertam
2535 432 2662 475 iudi-

466 506 663 545 cemus,
692 492 907 535 euidens
933 492 1304 544 argumentum
1330 490 1508 531 motus
1534 487 1644 530 eius
1672 500 1935 543 apparens
1960 490 2184 543 praebet:
2214 490 2282 534 ob
2311 503 2474 545 quam
2499 491 2661 535 etiam

465 553 766 608 priusquam
795 548 978 593 exacte
1007 548 1367 599 innotesceret,
1398 546 1524 589 nihil
1553 546 1683 589 certi
1711 547 2065 602 pronunciare
2094 549 2375 602 noluimus,
2410 550 2662 605 siquidem

466 612 618 655 solius
649 613 824 653 motus
851 607 1172 651 adminiculo
1192 606 1518 649 Astronomis
1544 606 1613 648 ad
1633 606 1781 649 Astra
1808 607 2074 660 scandere,
2106 608 2490 663 Stellarumque
2510 610 2551 652 ἃ
2572 610 2664 653 Or-

465 671 609 713 bium
631 668 911 719 distantias‚
934 668 974 709 8:
995 665 1380 721 magnitudines
1400 665 1704 708 mensurare
1724 665 1859 709 licet.
1882 667 2015 709 Eum
2035 678 2164 710 uero
2184 679 2293 711 non
2311 667 2403 710 nisi
2417 667 2663 711 diuturna
2712 676 2734 711 5

464 728 840 772 Obseruatione
861 725 1175 781 perscrutari
1193 724 1475 779 possumus
1498 724 1986 769 Animaduertimus
2007 728 2203 778 autem,
2226 727 2368 780 quod
2388 727 2577 771 nullius
2598 739 2663 772 ne

462 787 729 831 tardissimi
747 787 1081 828 Planetarum
1109 783 1278 828 motui
1304 784 1352 827 se
1380 784 1773 836 accommodet,
1802 784 1888 828 sed
1914 785 2072 828 unica
2092 786 2133 828 81
2154 785 2519 840 fimplicissima
2539 798 2665 841 quo-

461 847 659 890 tidiana
673 844 1017 895 reuolutione,
1034 845 1162 886 ficut
1177 844 1217 886 8ι
1232 843 1372 886 Fixae
1388 843 1563 886 Stellae
1576 843 1661 900 (de
1675 843 1907 898 proprio,
1924 844 2012 898 qui
2026 844 2079 887 in
2092 844 2228 888 Fixis
2243 848 2480 900 apparet,
2495 848 2662 898 motu,

462 918 585 950 cum
612 906 669 947 fit
695 906 847 959 longe
871 903 1203 954 tardissimus‚
1230 902 1316 946 hic
1344 914 1451 946 non
1478 902 1701 960 agimus)
1726 904 1956 946 eundem
1977 904 2044 947 ab
2065 903 2210 947 initio
2231 904 2575 959 apparitionis
2595 905 2664 948 ad

462 964 776 1008 hodiernum
796 963 957 1017 usque
979 962 1133 1005 Diem
1153 962 1394 1016 politum,
1417 962 1486 1004 ad
1505 961 1620 1005 illas
1640 962 1885 1014 retinens,
1908 962 2334 1007 circumferatur:
2358 964 2501 1018 quod
2521 965 2663 1008 nullo
2717 971 2760 1007 lo

462 1024 624 1067 modo
646 1023 810 1074 fieret,
840 1023 874 1064 si
896 1022 1024 1065 Orbi
1045 1021 1265 1065 alicuius
1284 1022 1513 1064 Planetae
1533 1021 1710 1064 Affixa
1736 1021 1872 1073 esset,
1900 1034 2027 1064 nam
2053 1025 2110 1065 ut
2136 1022 2316 1066 uidere
2342 1023 2464 1066 licet
2482 1024 2525 1066 5.
2549 1023 2662 1066 Lib.

461 1084 645 1137 Coper.
668 1080 1100 1125 commutationis
1121 1083 1298 1124 motus
1319 1092 1508 1135 expers
1528 1092 1635 1123 non
1656 1081 1791 1125 esset.
1813 1081 1965 1125 Vnde
1985 1081 2320 1125 manifestum
2340 1082 2426 1134 est,
2448 1082 2665 1126 Stellam

460 1143 599 1185 hanc
620 1143 773 1196 longe
794 1141 945 1195 super
965 1151 1150 1184 omnes
1170 1141 1409 1183 Planetas
1429 1140 1710 1192 eleuatam,
1734 1141 1976 1195 adeoque
1995 1140 2131 1184 inter
2149 1152 2257 1184 non
2276 1142 2522 1185 Errantes
2542 1142 2666 1185 Stel·

461 1203 554 1253 las,
582 1201 634 1243 in
655 1200 1011 1243 Firmamento
1038 1200 1323 1254 repositam
1349 1199 1462 1243 esse.
1492 1199 1647 1251 Quod
1674 1199 1815 1243 idem
1840 1199 2121 1244 scintillans
2144 1201 2324 1244 lumen
2343 1200 2470 1253 eius,
2499 1213 2531 1244 a
2559 1212 2664 1256 quo

462 1260 715 1316 plaerique
734 1261 962 1302 Planetae
982 1259 1247 1302 immunes
1268 1259 1397 1311 sunt,
1420 1259 1753 1313 comprobat.
1777 1257 1797 1318 ΙΙ
2715 1267 2759 1303 15

532 1321 607 1362 Ex
627 1318 774 1362 dictis
794 1322 938 1373 patet
958 1318 1083 1362 noui
1102 1318 1257 1361 huius
1280 1317 1491 1361 luminis
1518 1318 1920 1373 apparitionem,
1948 1330 2056 1363 non
2082 1331 2115 1362 a
2140 1319 2367 1362 naturali
2394 1320 2553 1363 causa
2579 1320 2664 1363 de·
2693 1318 2782 1362 546

460 1380 706 1434 pendere,
741 1380 954 1433 qualem
987 1378 1108 1421 sane
1141 1378 1296 1433 supra
1327 1377 1623 1421 enumerati
1653 1377 1907 1432 plaerique
1938 1378 2161 1422 reddere
2191 1379 2368 1423 conati
2400 1379 2529 1431 sunt,
2563 1390 2661 1423 nec

461 1439 753 1490 Cometam‚
782 1438 869 1481 sed
893 1437 1068 1492 potius
1094 1437 1310 1480 Stellam
1338 1437 1551 1481 Nouam
1578 1436 1860 1480 dicendam
1887 1437 2006 1481 esse:
2035 1437 2125 1480 nisi
2147 1438 2395 1481 Cometas
2420 1450 2528 1482 non
2552 1441 2664 1482 tan-

459 1502 574 1541 tum
593 1498 646 1540 in
666 1497 984 1540 Elementari
997 1497 1236 1552 Regione,
1259 1497 1347 1540 sed
1366 1496 1527 1540 etiam
1540 1496 1593 1539 in
1608 1497 1750 1540 Orbe
1771 1496 1986 1549 stellato,
2010 1496 2098 1551 qui
2118 1497 2406 1541 secundum
2421 1498 2664 1552 Coperni-

462 1570 586 1601 cum
607 1557 676 1600 est
691 1557 896 1599 Coelum
917 1559 1232 1608 extremum,
1255 1556 1475 1610 seipsum
1496 1556 1537 1599 δι
1558 1555 1739 1599 omnia
1759 1556 2049 1608 continens,
2072 1557 2310 1611 generari
2329 1557 2485 1612 posse,
2507 1558 2663 1601 adeo·
2711 1563 2758 1599 20

462 1629 562 1671 que
590 1617 795 1659 Coelum
821 1615 1171 1671 generationis
1198 1617 1238 1658 ἃ
1265 1615 1633 1670 corruptionis,
1663 1619 1850 1659 contra
1869 1615 2200 1659 Aristotelem
2226 1616 2513 1671 omnesque
2535 1616 2664 1671 Phy-

461 1677 593 1719 ficos
611 1677 652 1719 81
668 1675 1079 1727 Astronomicos‚
1102 1687 1209 1719 non
1229 1687 1418 1729 expers
1439 1675 1553 1727 esse,
1577 1675 1753 1718 dicere
1773 1675 2011 1718 uelimus.
2035 1675 2137 1719 Sed
2157 1675 2296 1719 hanc
2317 1678 2513 1730 praeter
2532 1675 2664 1720 alias

459 1736 547 1778 illa
566 1747 673 1779 non
693 1735 868 1779 minor
888 1735 1081 1790 excipit
1101 1735 1410 1778 absurditas.
1436 1734 1702 1786 Quoniam
1722 1735 1980 1778 immensa
2001 1734 2071 1778 est
2090 1733 2324 1778 Altitudo
2345 1735 2501 1779 Orbis
2521 1735 2665 1779 stelli-

460 1795 571 1847 feri,
594 1807 714 1849 quae
736 1794 1005 1849 quousque
1026 1795 1076 1838 se
1096 1794 1361 1845 extendat,
1383 1805 1491 1838 non
1505 1794 1721 1846 constat,
1745 1794 1814 1837 ad
1831 1806 2011 1849 quam,
2034 1806 2155 1848 quae
2169 1794 2304 1838 inter
2322 1800 2368 1846 Θ
2389 1795 2430 1838 8ι
2443 1794 2663 1838 Terram

460 1854 530 1898 est
551 1854 805 1906 distantia,
828 1854 1078 1898 concerni
1097 1853 1277 1908 nequit
1295 1854 1370 1910 (ut
1383 1853 1599 1897 testatur
1612 1853 1949 1908 Copernicus,
1971 1853 2412 1898 Astronomorum
2427 1854 2540 1909 post
2552 1855 2663 1898 Pto·
2711 1860 2758 1896 25

459 1915 710 1957 lemaeum
725 1913 984 1968 Princeps,
1008 1913 1096 1968 qui
1111 1913 1351 1957 omnium
1366 1913 1590 1956 Orbium
1604 1914 1940 1956 Planetarum
1955 1916 2128 1957 certas
2143 1913 2410 1957 distantias
2425 1926 2457 1957 a
2472 1914 2663 1958 Centro

461 1973 644 2016 Mundi
659 1973 1039 2026 demonstrans,
1061 1973 1114 2016 in
1129 1973 1270 2016 Orbe
1289 1972 1488 2016 stellato
1503 1972 1734 2030 subsistit)
1746 1972 1972 2027 ideoque
1986 1972 2294 2027 impossibile
2307 1984 2495 2017 ueram
2508 1973 2663 2017 huius

460 2033 650 2084 Stellae,
672 2034 756 2075 uel
770 2032 1187 2087 magnitudinem
1201 2033 1285 2076 uel
1298 2032 1511 2075 Altitud.
1529 2044 1562 2075 a
1576 2033 1765 2076 Centro
1787 2031 1971 2075 Mundi
1992 2031 2234 2084 dimetiri,
2256 2035 2462 2076 certum
2480 2036 2664 2076 tamen

460 2092 545 2143 est,
568 2103 690 2135 eam
712 2104 832 2145 quae
854 2091 1129 2146 apparenti
1149 2091 1507 2146 magnitudine
1529 2102 1717 2135 omnes
1736 2091 1926 2145 primae
1947 2091 2209 2147 dignitatis
2229 2092 2415 2135 Stellas
2436 2092 2660 2147 superat,

459 2150 747 2194 innumeris
767 2151 1005 2205 partibus
1023 2151 1185 2194 Terra
1204 2151 1468 2195 maiorem
1489 2150 1602 2194 esse.
1631 2151 1683 2193 Si
1703 2150 1920 2194 omnino
1942 2162 2067 2206 ergo
2088 2151 2248 2194 causa
2267 2151 2522 2195 naturalis
2544 2163 2662 2206 pro·
2710 2157 2757 2193 3ο

461 2210 657 2253 menda
683 2210 834 2262 foret,
861 2210 1001 2253 unde
1028 2210 1205 2264 quaeso
1230 2213 1381 2253 tanta
1407 2210 1805 2253 exhalationum
1832 2210 2003 2265 copia,
2032 2222 2152 2264 quae
2176 2213 2326 2253 tanto
2346 2211 2589 2255 incendio
2609 2211 2663 2254 in

460 2269 700 2323 quintum
715 2281 853 2313 nunc
870 2270 1104 2313 Mensem
1118 2269 1378 2324 flagranti,
1396 2269 1647 2313 sufficiat?
1662 2269 1838 2321 Quare
1853 2281 1960 2313 non
1974 2269 2162 2324 saepius
2175 2269 2473 2314 huiusmodi
2487 2270 2662 2315 Stellae

462 2329 632 2372 Nouae
653 2329 757 2372 fiue
772 2329 1009 2372 Cometae
1022 2329 1076 2371 in
1090 2329 1329 2380 AEthere‚
1351 2329 1479 2372 ficut
1493 2329 1534 2372 81
1547 2329 1600 2371 in
1613 2329 1750 2372 Aere
1770 2328 2057 2383 apparent?
2079 2329 2352 2372 Rationem
2366 2341 2475 2373 non
2486 2330 2660 2382 uideo,

459 2387 549 2430 nifi
578 2388 720 2441 quod
745 2388 961 2431 forsitan
989 2389 1055 2431 ab
1079 2388 1483 2443 Hyperphyfica
1509 2388 1668 2431 causa
1694 2391 1909 2432 exortus
1935 2399 2124 2432 eorum
2149 2389 2495 2443 dependeant.
2525 2389 2662 2441 Quid

458 2458 582 2501 ergo
609 2447 868 2501 prohibet,
897 2447 1022 2501 quin
1048 2448 1306 2499 dicamus,
1333 2450 1507 2491 totum
1532 2448 1637 2490 hoc
1663 2447 2142 2502 Hyperphyficum,
2171 2448 2494 2503 Stellamque
2520 2448 2660 2492 hanc
2710 2454 2756 2489 35

459 2506 671 2549 Nouam
692 2519 724 2549 a
745 2507 950 2550 summo
972 2507 1221 2550 Creatore
1241 2506 1323 2550 his
1343 2506 1626 2551 nouissimis
1645 2507 1976 2562 temporibus
1996 2510 2236 2551 creatam
2260 2507 2374 2559 esse‚
2404 2510 2563 2562 atque
2589 2507 2664 2551 uti

458 2565 770 2609 miraculose
801 2566 972 2620 caepit,
1003 2566 1075 2608 ita
1106 2566 1420 2609 miraculose
1450 2566 1750 2618 desituram,
1785 2566 1935 2610 cuius
1963 2566 2228 2621 utriusque
2257 2567 2416 2610 causa
2445 2578 2663 2611 omnem

458 2624 754 2667 humanum
775 2628 993 2679 captum
1014 2625 1244 2681 effugiat.

530 2683 662 2734 Quae
687 2695 817 2727 uero
845 2685 1156 2739 Longitudo,
1185 2697 1306 2739 quae
1335 2684 1600 2737 Latitudo,
1629 2685 1822 2739 quique
1848 2686 1998 2729 locus
2026 2683 2200 2728 octaui
2227 2685 2399 2737 Orbis,
2427 2684 2663 2740 respectu

459 2743 671 2786 Zodiaci
691 2743 813 2786 huic
836 2744 991 2787 Nouo
1012 2744 1178 2787 Sideri
1199 2744 1545 2787 adscribenda
1565 2745 1675 2796 fint,
1705 2744 1897 2788 omissis
1923 2744 2053 2800 alijs,
2080 2744 2184 2788 hoc
2206 2744 2387 2788 itidem
2407 2745 2572 2788 modo
2592 2744 2664 2787 in·
2711 2751 2758 2786 40

459 2802 777 2856 quifiuimus.

529 2861 1005 2915 Depraehendimus
1032 2862 1297 2905 Circulum
1326 2875 1579 2917 magnum
1609 2861 1894 2906 deductum
1923 2874 2018 2918 per
2047 2874 2170 2906 eam
2196 2863 2428 2916 Stellam,
2459 2875 2581 2918 quae
2610 2862 2664 2906 in

458 2920 734 2964 Asterismo
757 2921 1040 2975 Cassiopeae
1061 2922 1241 2975 quinta
1261 2925 1586 2974 numeratur,
1615 2923 1655 2965 81
1681 2934 1777 2976 per
1796 2934 1933 2974 eam,
1965 2934 2086 2977 quae
2104 2922 2159 2965 in
2179 2922 2390 2978 Cepheo
2412 2921 2662 2966 ocstauum

458 2981 637 3022 locum
665 2980 880 3031 obtinet,
912 2981 1060 3023 simul
1088 2981 1248 3023 etiam
1277 2981 1489 3024 Nouam
1515 2981 1654 3025 hanc
1682 2982 1897 3025 Stellam
1927 2982 2255 3036 pertransire.
2288 2981 2664 3036 Depraehendi-

458 3051 577 3081 mus
603 3039 729 3082 item
756 3039 1240 3083 circumferentiam
1268 3040 1456 3083 Circuli
1482 3039 1825 3095 protractam,
1856 3053 1922 3084 ex
1951 3041 2273 3085 duodecima
2299 3041 2582 3096 Cassiopeae
2608 3041 2662 3084 in
2710 3046 2757 3082 45

457 3097 764 3152 uigefimam
784 3099 929 3142 Vrsae
949 3099 1167 3142 maioris
1187 3099 1368 3142 itidem
1391 3099 1603 3143 Nouam
1623 3100 1840 3143 Stellam
1859 3100 2186 3155 intercipere.

532 3157 853 3200 Numeratur
878 3161 1058 3201 autem
1086 3159 1382 3213 Longitudo
1410 3158 1607 3213 quintae
1634 3159 1918 3214 Cassiopeae
1945 3172 1977 3202 a
2003 3160 2176 3214 prima
2202 3159 2361 3203 Stella
2379 3164 2454 3212 V,
2489 3159 2557 3202 13.
2585 3171 2658 3215 gr.

458 3215 530 3259 40.
561 3216 726 3271 scrup.
757 3217 1005 3260 Latitudo
1032 3217 1147 3261 Bor.
1176 3217 1248 3261 45.
1277 3220 1410 3272 part.
1438 3218 1511 3261 30.
1540 3218 1707 3273 scrup.
1737 3219 2033 3274 Longitudo
2061 3217 2269 3262 octauae
2294 3217 2488 3274 Cephei
2518 3218 2556 3261 1.
2585 3230 2658 3273 gr.

459 3274 501 3317 0.
525 3275 691 3329 scrup.
716 3276 964 3319 Latitudo
993 3277 1107 3320 Bor.
1130 3276 1203 3320 62.
1231 3279 1364 3331 part.
1392 3277 1465 3320 30.
1496 3277 1662 3332 scrup.
1693 3277 1988 3334 Longitudo
2016 3277 2351 3322 duodecimae
2377 3276 2660 3332 Cassiopeae

2521 3420 2557 3473 1.
2578 3436 2657 3486 gr.
