2976 4264
200 2137 287 2180 668

228 2276 270 2310 10

230 2574 272 2608 15

226 2869 271 2904 20

226 3166 271 3200 25

693 322 1573 376 PROGYMNASMATUM
1599 322 1913 375 TERTIA
1939 323 2142 375 PARS
2442 323 2520 375 181

319 1661 414 1703 per
426 1649 544 1691 XIII
561 1648 835 1703 Copernici
849 1647 961 1691 noti
974 1651 1126 1691 erunt
1140 1648 1251 1691 eius
1264 1647 1471 1703 Anguli:
1494 1647 1813 1702 potissimum
1827 1660 1956 1691 uero
1971 1649 2204 1703 Angulus
2220 1649 2240 1691 Ι
2252 1650 2300 1692 Η
2311 1651 2368 1693 L.
2391 1651 2524 1694 Item

319 1708 581 1752 habemus
601 1708 744 1750 aliud
762 1707 1100 1762 Triangulum
1122 1707 1286 1758 BLH,
1311 1707 1364 1750 in
1385 1718 1490 1761 quo
1510 1708 1686 1750 rursus
1705 1707 1807 1750 tria
1828 1708 2021 1750 Latera
2040 1711 2169 1751 nota
2189 1708 2317 1752 sunt.
2347 1709 2524 1761 Quare

319 1779 414 1823 per
433 1768 660 1811 eandem
674 1766 861 1822 Anguli
875 1767 971 1809 BH
984 1767 1041 1818 L,
1063 1767 1104 1808 81
1126 1766 1222 1809 ΗΒ
1232 1767 1290 1818 L,
1313 1767 1423 1810 noti
1442 1767 1685 1810 euadent.
1709 1767 1824 1809 Iam
1839 1767 1874 1809 fi
1890 1767 2101 1810 auferas
2114 1768 2376 1822 Angulum
2391 1770 2412 1811 1
2423 1769 2472 1812 H
2482 1770 2525 1812 L

320 1839 385 1870 ex
412 1827 603 1882 angulo
631 1826 796 1878 BHL,
824 1826 1134 1881 relinquitur
1154 1826 1388 1881 Angulus
1416 1826 1581 1869 BHG.
1610 1826 1874 1870 Postremo
1901 1826 2163 1870 habemus
2188 1828 2524 1884 Triangulum

319 1886 487 1938 BHG,
514 1887 568 1929 in
595 1897 700 1940 quo
721 1886 827 1930 duo
847 1885 1035 1941 Anguli
1055 1885 1222 1937 BHG,
1245 1886 1286 1928 81
1308 1885 1473 1938 HBG,
1502 1897 1629 1929 cum
1648 1887 1812 1929 latere
1833 1885 2109 1929 adiacente
2131 1886 2226 1929 BH
2247 1891 2373 1930 nota
2394 1889 2521 1931 sunt.

319 1946 496 1998 Quare
527 1957 622 2000 per
650 1945 744 1988 XII
774 1945 1051 2000 Copernici
1083 1945 1350 1988 dabuntur
1382 1945 1577 1988 Latera
1607 1945 1698 1988 BG
1727 1945 1768 1987 81
1798 1945 1918 1996 HG,
1953 1946 2195 2000 adeoque
2227 1948 2525 1991 Parallaxes

318 2005 590 2060 utriusque
609 2004 881 2060 temporis,
902 2005 1071 2048 latera
1090 2004 1336 2048 uidelicet
1357 2004 1457 2048 KG
1477 2005 1517 2046 81
1539 2004 1651 2048 GL.
1675 2004 1830 2056 Quod
1851 2008 1966 2048 erat
1986 2005 2338 2049 constitutum.
2361 2004 2382 2065 ΙΙ

475 2126 908 2180 PROBLEMA
934 2126 1077 2178 XIX
1102 2126 1209 2178 EX
1235 2125 1646 2179 DIGGESEO
1674 2126 1823 2179 SUB
1849 2126 2041 2178 ALIA
2067 2127 2113 2178 F
2115 2127 2366 2179 ORMA.

390 2208 704 2251 Confistente
723 2207 1081 2251 Phaenomeno
1108 2218 1233 2250 cum
1260 2206 1467 2250 duabus
1488 2206 1624 2250 Fixis
1646 2207 1699 2249 in
1719 2207 1911 2250 eodem
1931 2207 2196 2259 Verticali,
2225 2208 2266 2251 δι
2293 2209 2525 2263 acceptis

320 2278 383 2310 eo
404 2270 679 2310 momento
701 2266 1078 2321 apparentibus
1092 2266 1434 2310 Phaenomeni
1454 2266 1521 2309 ab
1543 2269 1767 2320 utraque
1781 2266 2029 2309 Fixarum
2050 2267 2316 2323 distantijs,
2338 2279 2402 2311 ac
2417 2280 2525 2310 rur-

320 2327 402 2370 sus
422 2327 475 2369 in
495 2327 724 2370 secunda
744 2326 1127 2377 obseruatione,
1149 2337 1256 2369 non
1276 2325 1460 2368 habita
1479 2325 1684 2368 ratione
1703 2325 2064 2377 Verticalium‚
2087 2327 2319 2381 acceptis
2340 2327 2525 2370 distan-

318 2386 402 2441 tijs
427 2386 768 2430 Phaenomeni
795 2386 861 2429 ab
889 2385 1083 2429 eisdem
1111 2385 1262 2437 Fixis‚
1290 2387 1397 2428 una
1423 2396 1547 2428 cum
1570 2385 1856 2428 Altitudine
1881 2385 2237 2437 Phaenomeni‚
2269 2386 2310 2428 8ι
2339 2388 2525 2429 alteru-

318 2445 448 2488 trius
468 2445 737 2488 Fixarum:
758 2446 1059 2488 Parallaxes
1078 2444 1286 2499 utrique
1305 2444 1534 2499 tempori
1555 2456 1832 2499 congruas,
1855 2444 2092 2499 cognitas
2111 2445 2347 2488 reddere.

393 2505 511 2548 Hoc
538 2505 831 2556 Problema‚
861 2505 1004 2559 quod
1028 2504 1309 2558 respondet
1333 2504 1450 2546 XIX
1475 2503 1791 2547 Problemati
1818 2503 2066 2558 Diggesei‚
2098 2504 2164 2546 ab
2193 2505 2524 2548 antecedenti

320 2565 373 2606 in
392 2564 496 2608 hoc
517 2567 724 2607 tantum
745 2564 936 2614 differt,
959 2563 1102 2617 quod
1121 2563 1175 2605 in
1193 2563 1282 2606 illo
1298 2562 1568 2606 assumitur
1580 2563 1856 2605 Verticalis
1871 2563 2115 2606 secundae
2131 2563 2522 2607 Obseruationis

320 2623 373 2665 in
399 2624 589 2667 eadem
610 2636 642 2666 a
663 2623 958 2667 Meridiano
985 2634 1051 2665 ex
1077 2623 1298 2665 aduersa
1324 2625 1474 2676 parte
1501 2621 1833 2665 Horizontali
1858 2621 2113 2674 distantia,
2140 2622 2193 2664 in
2220 2635 2325 2676 qua
2349 2623 2446 2665 fuit
2470 2623 2524 2665 in

321 2683 494 2737 prima
509 2682 903 2726 obseruatione.
928 2682 986 2724 In
1001 2682 1105 2725 hoc
1121 2684 1301 2724 autem
1315 2681 1646 2724 Problemate
1659 2681 1945 2736 negligitur.
1967 2682 2175 2724 Poterat
2189 2682 2359 2724 omitti
2373 2683 2524 2725 alter-

319 2745 515 2793 utrum,
531 2741 621 2784 nifi
632 2742 948 2784 uarietatem
959 2741 1247 2784 modorum
1259 2740 1531 2783 ostendere
1541 2740 1754 2783 uoluisse
1766 2740 2076 2794 Diggeseum
2086 2741 2520 2784 existimaremus.

391 2801 467 2843 Sit
485 2812 610 2856 ergo
633 2800 956 2844 Meridianus
977 2799 1129 2851 ABC,
1156 2802 1340 2842 uertex
1362 2800 1414 2851 B,
1441 2799 1678 2842 Horizon
1698 2799 1805 2841 AM
1817 2800 1870 2850 C,
1898 2800 2050 2842 Polus
2071 2800 2255 2843 Mundi
2275 2800 2337 2843 D.
2360 2800 2524 2843 Verti-

321 2860 451 2904 calis
475 2860 664 2915 primae
691 2858 1070 2903 obseruationis
1092 2858 1243 2900 BHN
1269 2858 1322 2900 in
1349 2869 1454 2912 quo
1481 2858 1602 2901 duae
1628 2858 1803 2901 Stellae
1824 2858 1965 2901 Fixae
1991 2859 2101 2910 fint,
2130 2859 2179 2901 H
2202 2859 2449 2914 superior,
2478 2860 2523 2903 G

320 2919 556 2963 inferior:
579 2920 756 2962 Locus
776 2930 933 2962 uerus
953 2917 1293 2961 Phaenomeni
1313 2917 1364 2969 F,
1385 2918 1661 2972 Apparens
1682 2918 1735 2969 E,
1763 2918 1858 2960 fint
1877 2929 2006 2961 uero
2027 2917 2181 2961 dic’tae
2202 2918 2377 2963 Stellae
2398 2930 2523 2962 cum

320 2979 678 3022 Phaenomeno
698 2981 849 3021 motu
868 2977 1024 3031 primi
1042 2976 1251 3020 mobilis
1263 2975 1524 3020 traductae
1538 2976 1591 3019 in
1605 2977 1784 3019 locum
1799 2977 1983 3020 alium:
2006 2977 2058 3019 in
2074 2989 2179 3031 quo
2192 2978 2356 3021 talem
2370 2978 2522 3021 litum

320 3038 373 3081 in
393 3039 535 3082 Caelo
555 3038 823 3088 tenebunt,
846 3037 1058 3091 qualem
1078 3036 1131 3078 in
1153 3034 1356 3079 adiecto
1378 3035 1661 3079 Schemate
1682 3035 1843 3079 uides.
1873 3036 2047 3080 Stellae
2068 3037 2108 3078 81
2128 3037 2523 3081 Phaenomenon

320 3098 515 3141 eisdem
542 3097 703 3140 literis
728 3096 782 3139 in
808 3107 935 3139 arcu
966 3095 1148 3138 circuli
1176 3094 1353 3150 magni
1382 3098 1583 3138 notatae
1611 3095 1743 3138 sunt:
1775 3095 1827 3137 in
1854 3107 1958 3149 quo
1986 3097 2429 3150 repraesentantur
2454 3097 2524 3140 di-

322 3157 523 3200 stantiae
544 3155 883 3200 Phaenomeni
909 3167 942 3198 a
967 3154 1136 3197 Stellis
1160 3154 1310 3205 Fixis‚
1339 3155 1611 3208 quomodo
1638 3154 1830 3198 fuerint
1855 3155 1907 3197 in
1932 3155 2106 3209 prima
2126 3155 2520 3199 obseruatione.

321 3217 378 3258 In
401 3216 628 3259 secunda
647 3227 777 3259 uero
799 3213 1166 3259 obseruatione
1186 3213 1628 3267 repraesentantur
1646 3225 1742 3268 per
1754 3215 1955 3257 Arcum
1970 3214 2085 3266 KG,
2102 3214 2143 3256 81
2158 3215 2279 3258 KH.
2304 3215 2442 3258 Nam
2459 3215 2520 3266 K,

321 3275 394 3319 est
419 3274 569 3318 Iccus
594 3273 935 3318 Phaenomeni
961 3283 1224 3327 apparens
1251 3273 1495 3316 secundae
1516 3272 1923 3316 obseruationis.
1946 3273 2115 3317 Verus
2141 3274 2177 3316 F
2202 3274 2254 3316 in
2274 3274 2523 3318 Verticali

322 3335 481 3377 BFM.
511 3334 656 3377 Alius
681 3333 947 3377 uerticalis
972 3343 1068 3386 per
1087 3332 1303 3375 Stellam
1326 3332 1371 3375 G
1390 3330 1591 3383 ductus,
1620 3332 1694 3374 est
1721 3332 1878 3375 BGL.
1908 3333 2041 3376 Dico
2062 3334 2361 3377 Parallaxes
2381 3334 2461 3376 FE
2482 3334 2523 3375 ἃ

321 3394 412 3436 FK
434 3393 702 3448 cognitum
722 3393 797 3436 iri.
821 3390 841 3451 ΙΙ

2219 3454 2523 3517 Quoniam
