2976 4264
998 303 1792 359 PROGYMNASMATA
2399 306 2503 358 307

298 446 436 510 Qua
462 447 533 499 de
561 462 623 498 re
650 449 803 499 circa
828 446 1012 499 finem
1038 450 1214 499 totius
1236 448 1464 512 OperiS,
1492 446 1593 498 ubi
1619 445 1691 498 de
1713 445 2099 498 Cometarum
2125 450 2502 512 generatione

298 534 371 570 ex
390 517 632 582 professo
652 533 824 584 agere
845 518 1262 579 constituimus,
1283 519 1517 584 plenius
1538 518 1885 570 disseremus.

367 589 528 641 Hinc
549 592 728 642 etiam
748 589 838 650 est,
861 590 1020 654 quod
1043 590 1391 650 AristoteleS‚
1418 596 1595 653 atque
1615 588 1713 654 alij
1736 588 2085 654 philosophi,
2109 589 2384 642 Galaxiae
2405 590 2500 643 de—

294 660 679 725 scriptionem,
709 660 1279 726 explicationemque
1306 676 1429 713 una
1455 675 1591 712 cum
1613 660 1876 712 Cometis
1897 662 2327 726 conjunxerint,
2355 668 2419 714 ut
2439 669 2502 714 ut

222 750 244 784 5
293 733 632 797 ignorArint,
648 747 930 796 quaenam
943 731 1035 784 his
1049 733 1368 785 intercedat
1378 731 1766 784 familiaritas:
1782 731 1904 784 sola
1913 731 2116 784 saltem
2127 732 2503 797 Experientia

294 800 504 862 edoctu
532 809 634 854 aut
653 804 1057 867 Antiquorum
1083 803 1368 856 relatione
1389 802 1706 863 informati,
1734 805 1941 855 crinita
1966 802 2097 855 haec
2118 803 2323 856 Sidera
2341 805 2501 869 apud

293 871 575 926 Ladteum
596 873 818 926 Orbem
843 873 1138 939 saepissime
1164 878 1356 940 prima
1381 874 1635 927 habuisse
1663 874 1921 926 exordia.
1949 874 2193 926 Nemini
2214 877 2391 928 etiam
2415 879 2500 927 in-

292 944 482 997 solens
507 945 693 997 videri
719 944 905 1006 debet,
933 946 1093 1010 quod
1119 962 1157 998 a
1180 948 1428 999 materia
1453 945 1704 1006 Coelesti,
1732 945 1941 997 eadem
1967 961 2103 997 cum
2125 946 2399 1008 Galama,
2428 963 2501 999 ex

176 1026 262 1069 798
294 1032 414 1081 qua
445 1015 690 1081 reliquae
722 1011 1030 1085 con-nstant
1061 1017 1273 1079 Stellae,
1313 1018 1559 1069 Nouam
1590 1015 1746 1068 hanc
1779 1020 2269 1083 compaginatam,
2302 1021 2500 1070 minus

203 1105 245 1140 10
293 1094 494 1140 tamen
513 1085 763 1152 perfed’te
784 1087 836 1139 &
855 1087 1034 1140 solide
1057 1088 1420 1141 elaboratam
1441 1089 1544 1140 esse
1564 1087 1899 1149 statuamuS,
1928 1104 2064 1157 cum
2084 1088 2136 1140 81
2156 1088 2337 1141 fimile
2359 1090 2500 1155 quid

293 1161 356 1211 in
381 1161 470 1224 ijS,
498 1174 634 1223 quae
654 1157 838 1211 Terra
857 1159 972 1211 suis
991 1159 1303 1212 visceribus
1322 1161 1626 1225 progignit,
1654 1159 1916 1212 Metallis
1935 1159 2203 1212 videlicet
2223 1160 2276 1212 &
2295 1160 2498 1226 lapidi-

292 1230 402 1283 bus
428 1229 687 1295 pretiofis
708 1233 1032 1295 comperire
1056 1231 1243 1284 liceat.
1272 1231 1431 1295 Quid
1452 1233 1612 1282 enim
1630 1237 1787 1283 vetat
1806 1230 2106 1295 superiora
2125 1230 2500 1284 inferioribus

294 1317 655 1367 comparare,
674 1316 810 1354 cum
823 1309 1073 1367 utraque
1087 1301 1189 1354 fibi
1202 1306 1265 1354 in
1277 1305 1468 1355 vicem
1480 1301 1724 1367 pulchre
1738 1302 1844 1354 fint
1858 1301 2146 1367 analoga?
2168 1302 2325 1355 Cum
2340 1306 2500 1355 enim

294 1375 565 1425 omnium
580 1372 967 1425 Metallorum
980 1380 1156 1438 atque
1173 1373 1584 1434 Gemmarum,
1605 1389 1729 1426 una
1749 1374 2076 1438 eademque
2090 1373 2153 1426 lit
2166 1377 2358 1439 prima
2375 1390 2498 1427 ma-

202 1462 243 1496 15
291 1447 454 1505 teria,
485 1460 609 1496 non
636 1451 837 1496 tamen
867 1447 1071 1497 omnia
1099 1460 1203 1509 per
1228 1444 1469 1497 Archaei
1498 1444 1784 1497 naturalis
1811 1444 1919 1508 (uti
1944 1452 2114 1497 vocat
2140 1445 2497 1510 Paracelsus)

293 1517 609 1581 energiam,
636 1515 712 1568 ad
738 1516 991 1568 eandem
1015 1519 1414 1568 maturitatem
1433 1515 1724 1568 subtiliata
1743 1515 2072 1581 digestaque
2092 1516 2213 1568 fint.
2242 1517 2403 1569 Hinc
2424 1517 2499 1569 est

292 1587 452 1652 quod
472 1586 751 1652 quaedam
771 1602 980 1639 eorum
999 1589 1168 1639 citius
1191 1594 1659 1652 corrumpantur,
1687 1587 2199 1652 dissoluanturque,
2221 1589 2498 1652 quaedam

290 1674 432 1710 vero
443 1658 666 1711 tardius
679 1664 733 1710 et
744 1657 1102 1710 difficillime.
1116 1658 1203 1711 Ita
1213 1674 1430 1711 aurum
1439 1674 1657 1724 purum
1668 1661 1817 1724 ignis
1830 1661 2008 1711 etiam
2018 1658 2498 1711 vehementissimi

292 1729 344 1781 &
370 1730 632 1782 diuturni
657 1731 780 1781 vim
805 1729 1020 1794 absque
1047 1729 1171 1782 ullo
1197 1730 1577 1782 incommodo
1603 1729 1847 1791 sustinet,
1874 1745 1984 1782 nec
2009 1730 2134 1782 ulla
2154 1730 2497 1783 elementari

195 1819 242 1853 20
291 1799 599 1854 affedtione
626 1800 700 1853 ob
727 1800 894 1853 suam
920 1801 1280 1866 exquisitam,
1315 1817 1497 1866 quam
1529 1801 1766 1862 obtinet,
1802 1800 2339 1867 homogeneitatem
2370 1818 2496 1866 per-

290 1870 720 1937 fedtionemque
751 1872 1070 1924 destruitur.
1105 1873 1449 1943 Proximum
1477 1872 1677 1925 locum
1705 1872 1883 1925 habet
1911 1879 2220 1938 argentum
2248 1873 2495 1939 depura-

289 1950 432 2005 tum,
454 1943 613 2008 quod
635 1946 815 1995 etiam
828 1943 1082 1996 Vulcani
1101 1944 1397 1997 aestuantis
1417 1945 1741 1996 iracundiae
1756 1944 1858 1996 diu
1876 1944 2123 1996 illaesum
2137 1944 2344 2006 resistit,
2365 1945 2497 1997 licet

289 2015 529 2068 tandem
548 2014 836 2080 paulatim
856 2014 931 2068 ab
952 2031 1024 2068 eo
1045 2015 1389 2068 debilitetur.
1418 2015 1653 2068 Caetera
1671 2013 2102 2081 imperfectiora
2122 2016 2373 2068 Metalla
2391 2018 2496 2067 mi-

290 2103 403 2139 nus
432 2086 652 2139 habent
676 2088 910 2148 virium,
941 2087 1154 2151 quibus
1180 2090 1329 2153 ignis
1354 2086 1794 2139 vehementiam
1819 2086 2130 2152 perferant,
2159 2087 2255 2139 sed
2281 2087 2355 2139 ab
2385 2087 2498 2139 hac

195 2176 240 2210 2⁵
289 2158 574 2223 superata,
607 2160 823 2223 partim
850 2160 914 2210 in
941 2157 1175 2210 fumum
1203 2159 1438 2220 abeunt,
1468 2161 1683 2223 partim
1710 2160 1773 2210 in
1802 2158 2023 2210 calcem
2053 2158 2494 2220 comburuntur,

290 2229 569 2294 quaedam
589 2244 662 2281 ex
680 2228 773 2281 his
794 2232 978 2291 citius,
1000 2230 1294 2282 nonnulla
1306 2246 1447 2282 vero
1460 2230 1699 2282 tardiuS.
1722 2230 1884 2282 Hine
1899 2229 1990 2290 est,
2012 2230 2172 2294 quod
2185 2230 2496 2294 plumbum

291 2300 344 2352 &
356 2300 628 2353 stannum
641 2300 758 2352 levi
771 2303 1006 2366 negotio
1021 2303 1085 2352 in
1097 2300 1331 2354 fumum
1345 2301 1723 2354 dissoluantur
1738 2301 2215 2365 calcinenturque
2228 2302 2494 2361 citissime,

291 2387 427 2424 cum
445 2378 662 2432 tamen,
688 2371 730 2423 fi
753 2373 963 2424 eadem
981 2375 1246 2434 materia,
1268 2389 1341 2425 ex
1362 2375 1482 2438 qua
1500 2372 1630 2425 haec
1649 2372 1862 2424 viliora
1880 2375 1944 2424 in
1962 2371 2162 2424 Terrae
2182 2372 2494 2424 visceribus

291 2442 547 2495 conflata
577 2443 707 2495 sunt
737 2443 994 2504 metalla,
1033 2444 1109 2496 ad
1143 2450 1265 2496 tam
1296 2443 1623 2497 absolutam
1656 2443 1708 2495 81
1740 2443 2088 2508 depuratam
2120 2443 2494 2508 digestionem

195 2532 242 2567 30
291 2512 496 2567 euecta
520 2514 715 2575 fuisset,
741 2517 870 2579 pari
891 2531 1027 2567 cum
1047 2530 1196 2567 auro
1216 2515 1311 2567 vel
1331 2521 1589 2581 argentO,
1617 2516 1989 2566 contumacia
2016 2520 2070 2565 et
2095 2514 2493 2579 insuperabili-

289 2592 406 2638 tate
435 2588 555 2651 igni
583 2585 912 2638 refisterent.
946 2586 1040 2639 Sic
1069 2602 1308 2651 quoque
1336 2589 1399 2638 in
1430 2586 1700 2639 Gemmis
1731 2601 1949 2651 magna
1976 2588 2262 2650 reperitur
2291 2585 2492 2638 discre-

289 2659 507 2722 pantia.
535 2656 831 2720 Quaedam
849 2660 1099 2709 minimo
1119 2660 1354 2723 negotio
1374 2664 1437 2709 ut
1458 2656 1759 2722 Saphirus‚
1788 2656 2047 2709 colorem
2072 2659 2222 2708 inter
2241 2656 2491 2708 aduren-

290 2728 433 2780 dum
452 2729 741 2787 amittunt,
763 2727 816 2779 &
835 2730 1115 2793 ignitione
1137 2728 1224 2792 (ut
1237 2731 1318 2780 ita
1330 2728 1564 2793 loquar)
1585 2727 1944 2780 afficiuntur:
1967 2728 2243 2792 quaedam
2257 2735 2320 2779 ut
2334 2728 2492 2780 Ada-

289 2814 418 2851 mas
445 2798 498 2851 &
523 2800 766 2864 granati,
794 2805 970 2863 atque
997 2799 1132 2851 aliae
1157 2799 1505 2864 complureS,
1532 2799 1682 2851 nihil
1701 2799 1796 2851 vel
1816 2814 1997 2863 quam
2017 2801 2334 2851 minimum
2354 2798 2492 2851 hinc

194 2889 239 2923 35
289 2870 492 2923 damni
511 2871 830 2934 patiuntur.
852 2865 873 2938 ΙΙ

171 2951 258 2995 799
359 2942 660 2993 Ponamus
691 2956 833 2992 vero
865 2940 1024 3005 quod
1057 2941 1242 3006 aliqui
1277 2956 1382 3006 per
1413 2948 1600 2994 artem
1638 2957 1820 3006 quam
1852 2940 2229 2993 Alchemiam
2259 2948 2490 3002 vocant,

289 3019 566 3065 naturam
591 3014 807 3064 imitari
833 3013 1054 3077 possint:
1082 3028 1207 3064 non
1231 3019 1432 3065 tamen
1458 3028 1629 3078 aeque
1655 3012 1805 3065 bene
1827 3012 1879 3064 &
1898 3012 2076 3064 solide
2098 3015 2302 3064 omnia
2322 3014 2492 3078 juxta

288 3083 460 3144 hanc,
482 3090 658 3147 atque
679 3083 800 3148 ipsa
819 3090 1033 3136 natura
1053 3086 1266 3148 exequi
1285 3083 1499 3136 valent.
1528 3084 1706 3148 Quod
1725 3084 1862 3136 sane
1883 3100 1920 3136 a
1939 3083 2254 3149 plaerisque
2273 3082 2491 3136 1361113-

288 3162 415 3207 tum
442 3155 545 3206 esse
571 3170 696 3206 non
721 3156 1038 3219 ignoratur.
1067 3154 1179 3207 Etfi
1205 3162 1404 3207 autem
1430 3171 1645 3208 aurum
1670 3155 1765 3207 vel
1791 3162 2098 3221 argentum
2123 3154 2236 3207 hac
2263 3157 2491 3206 ratione

194 3244 240 3279 40
289 3225 594 3278 artificiose
615 3225 998 3290 compositum
1019 3226 1215 3278 colore
1236 3233 1412 3291 atque
1438 3227 1716 3291 pondere,
1743 3233 1870 3279 tum
1890 3229 2068 3279 etiam
2087 3225 2273 3291 proba
2291 3225 2396 3278 sua
2415 3226 2491 3278 ad

287 3297 546 3362 lapidem
566 3296 818 3362 Lydium
839 3312 876 3348 a
894 3299 1165 3362 genuinis
1186 3297 1238 3348 &
1258 3297 1627 3350 naturalibus
1647 3298 1889 3350 discerni
1909 3304 2186 3362 nequeat:
2211 3298 2491 3349 Attamen

290 3383 425 3419 cum
462 3368 538 3420 ad
577 3368 730 3432 Ignis
767 3370 1093 3420 maximam
1124 3371 1245 3420 vim
1277 3369 1590 3433 aliquoties
1621 3376 1985 3434 perventum,
2025 3375 2201 3433 atque
2233 3371 2296 3419 in
2328 3367 2489 3419 stibio

431 3449 499 3485 39·
2199 3442 2488 3498 cinericio,
