2976 4264
442 334 534 386 158
944 327 1554 381 ASTRONOMIAE
1581 326 2148 379 INSTAURATAE
2200 331 2202 333 ’

462 471 1037 527 APOGRAPHUM
1064 470 1549 531 LITERARUM‚
1576 469 1694 521 AD
1722 469 2393 522 ILLUSTRISSIMUM
2419 470 2625 522 PRIN-

602 556 847 609 CIPEM
867 553 1397 606 WILHELMUM
1425 553 1737 605 HASSIAE
1764 552 2403 614 LANDGRAUIUM,
2430 553 2487 604 A

777 639 850 690 D.
879 637 1241 689 PHILIPPO
1268 636 1621 689 APPIANO
1649 635 2314 697 PERSCRIPTARUM,

931 720 1228 784 QUIBUS
1255 720 1497 772 IPSIUS
1524 720 1633 771 DE
1660 720 1837 773 HAC
1864 719 2160 773 STELLA

1059 803 1450 856 IUDICIUM
1478 803 2028 856 DECLARATUR.
2722 818 2743 852 5

512 885 910 929 Clementissime
935 885 1179 937 Domine,
1208 884 1531 927 Celsitudinis
1556 887 1664 927 tuae
1693 884 1886 936 literas,
1916 884 2106 938 quibus
2132 895 2312 927 meam
2341 883 2650 927 sententiam

440 947 480 987 8ι
506 946 776 997 iudicium,
806 945 871 987 de
900 945 1070 996 Noua,
1100 944 1406 998 aliquandiu
1432 944 1612 987 uersus
1639 944 2062 998 Septentrionem
2086 944 2127 986 81
2150 941 2421 986 Arcticum
2446 944 2646 994 Polum,

440 1003 719 1059 conspecta
741 1004 915 1056 Stella,
939 1004 1030 1047 fibi
1050 1002 1071 1063 ΙΙ
1093 1004 1372 1055 discretim,
1396 1015 1501 1058 quo
1524 1004 1593 1046 ad
1614 1004 1867 1057 quaedam
1885 1003 2175 1058 peculiaria
2195 1003 2430 1057 quaefita,
2456 1003 2651 1057 exponi
2681 999 2768 1043 644

440 1066 730 1108 clementer
749 1063 980 1118 requirit,
1006 1063 1191 1118 paucis
1213 1066 1334 1106 ante
1356 1063 1542 1106 diebus
1563 1063 1762 1117 accepi.
1792 1063 2162 1114 Quamobrem
2182 1062 2313 1105 Cels.
2334 1062 2388 1104 T.
2413 1062 2650 1106 submisse

440 1136 546 1167 non
567 1124 771 1175 celabo,
795 1124 938 1177 quod
958 1122 1271 1177 praedictam
1291 1123 1511 1166 Stellam
1526 1123 1611 1166 uel
1626 1123 1903 1165 Cometam
1927 1122 2089 1165 etiam
2110 1125 2232 1165 ante
2254 1122 2341 1165 sex
2360 1121 2651 1165 hebdoma-
2704 1126 2746 1161 ιο

439 1185 535 1226 das
563 1182 945 1238 conspexerim,
974 1186 1133 1236 atque
1160 1183 1229 1225 ad
1256 1183 1483 1225 eandem
1510 1182 1716 1237 singulis
1743 1181 1927 1225 diebus
1954 1182 2225 1237 diligenter
2245 1181 2649 1224 Obseruandam

438 1255 525 1286 me
545 1242 917 1297 praepararim:
942 1242 1044 1285 Sed
1065 1242 1306 1297 corporis
1326 1241 1632 1285 infirmitate
1647 1242 1716 1284 ad
1732 1244 1961 1296 quatuor
1976 1241 2294 1296 septimanas
2308 1240 2648 1295 praepeditus,

439 1314 606 1356 nuper
628 1303 811 1345 saltem
830 1302 978 1345 illam
994 1301 1307 1345 Obseruaui:
1331 1313 1436 1356 quo
1458 1302 1639 1344 locum
1660 1301 1772 1344 eius
1787 1301 1828 1343 81
1843 1304 2042 1344 caetera
2059 1300 2305 1355 requisita
2319 1300 2647 1344 denotarem.

439 1362 571 1414 Quae
601 1362 730 1405 Cels.
758 1362 811 1405 T.
840 1374 947 1404 una
974 1373 1099 1404 cum
1127 1361 1241 1416 alijs
1267 1361 1372 1404 huc
1398 1361 1795 1416 pertinentibus,
1827 1361 2064 1404 submisse
2090 1360 2355 1412 indicabo,
2383 1359 2651 1403 humiliter

438 1433 646 1477 rogans,
669 1422 799 1465 Cels.
822 1421 875 1463 T.
898 1421 1024 1464 uelit
1044 1433 1109 1464 ea
1130 1420 1378 1464 clementi
1399 1420 1579 1464 animo
1602 1421 1860 1475 accipere.
2702 1424 2743 1458 15

510 1481 779 1532 Quantum
802 1481 931 1524 Cels.
953 1481 1007 1523 T.
1030 1480 1262 1535 primam
1289 1480 1635 1534 quaestionem
1662 1480 1861 1531 attinet,
1888 1483 2069 1523 utrum
2094 1480 2214 1522 haec
2237 1479 2396 1522 Stella
2422 1479 2480 1521 fit
2505 1490 2649 1522 noua

438 1552 535 1584 nec
557 1552 638 1593 ne,
662 1541 792 1583 Cels.
809 1540 862 1583 T.
880 1540 1031 1583 aliter
1049 1540 1368 1595 respondere
1387 1552 1496 1584 non
1516 1539 1734 1594 possum‚
1758 1552 1922 1594 quam
1938 1540 2080 1594 quod
2096 1540 2155 1582 fit
2169 1551 2326 1590 noua,
2349 1539 2403 1581 in
2415 1538 2508 1582 isto
2524 1538 2650 1582 Caeli

437 1601 558 1644 loco
590 1603 747 1643 antea
777 1612 1052 1654 nunquam
1083 1598 1377 1654 conspecta.
1411 1600 1470 1642 In
1495 1599 1775 1643 Asterismo
1806 1599 2060 1653 liquidem
2090 1598 2338 1654 Imaginis
2364 1597 2649 1652 Cassiopeae

437 1660 601 1715 (iuxta
617 1672 779 1714 quam
794 1671 859 1703 ea
873 1660 982 1714 ipsa
997 1659 1156 1702 Stella
1169 1658 1425 1703 hactenus
1440 1658 1703 1716 apparuit)
1717 1658 1949 1702 maiores
1964 1659 2138 1702 Stellae
2155 1671 2187 1701 a
2200 1657 2468 1701 ueteribus
2482 1657 2650 1701 Astro-

438 1719 612 1763 nomis
631 1722 832 1762 notatae
854 1720 894 1761 δι
914 1720 1190 1773 hucusque
1209 1719 1351 1771 uisae‚
1371 1719 1542 1762 tertiae
1564 1719 1822 1761 duntaxat
1839 1717 2212 1773 magnitudinis
2229 1717 2470 1760 existunt:
2495 1717 2650 1761 Noua
2700 1721 2746 1756 20

438 1782 619 1822 autem
645 1779 781 1830 haec‚
809 1790 918 1822 non
944 1779 1111 1821 solum
1138 1778 1404 1821 maximas
1425 1778 1627 1830 Stellas,
1657 1790 1789 1832 quas
1815 1778 2005 1832 primae
2029 1776 2402 1833 magnitudinis
2423 1777 2652 1831 appella-

438 1850 574 1891 mus,
602 1839 654 1880 in
676 1850 903 1892 quarum
922 1849 1148 1881 numero
1170 1838 1284 1881 sunt
1304 1838 1459 1881 Canis
1480 1838 1678 1892 Syrius,
1702 1838 1743 1880 81
1765 1837 1884 1880 aliae
1906 1837 2062 1889 Fixae,
2091 1837 2178 1880 sed
2202 1836 2363 1879 etiam
2389 1838 2425 1891 ⁹4
2451 1836 2651 1891 quanti-

435 1901 545 1941 tate
566 1898 656 1940 sua
677 1898 845 1941 ferme
865 1897 1088 1949 excedit,
1110 1899 1196 1941 uel
1218 1899 1287 1940 ad
1307 1897 1590 1940 minimum
1610 1897 1784 1941 eidem
1805 1897 2026 1951 aequalis
2047 1896 2146 1940 esse
2167 1896 2498 1950 conspicitur.
2522 1896 2651 1939 Con-

439 1957 593 2000 stituit
618 1969 748 2001 uero
776 1957 895 2001 haec
922 1968 1065 2000 noua
1092 1957 1252 2000 Stella
1278 1969 1403 2000 cum
1428 1957 1595 2000 tribus
1621 1957 1871 2000 maximis
1898 1957 1939 1999 81
1964 1955 2326 2011 insignioribus
2347 1955 2648 2010 Cassiopeae,

438 2017 680 2072 figuram,
704 2029 867 2071 quam
884 2017 1187 2060 Geometrae
1203 2016 1504 2060 Rhombum
1523 2020 1736 2068 uocant,
1759 2017 1844 2059 uel
1865 2015 2056 2059 rectius
2069 2015 2385 2070 Trapezion:
2408 2014 2651 2058 constitit·
2700 2019 2746 2053 25

440 2088 541 2130 que
567 2077 724 2131 plane
749 2076 802 2118 in
828 2076 1163 2119 extremitate
1188 2076 1292 2119 uiae
1318 2074 1505 2119 lac’teae
1530 2076 1712 2118 uersus
1733 2076 1960 2119 Boream
1988 2075 2057 2118 ad
2084 2075 2350 2126 occasum,
2378 2074 2451 2117 ita
2470 2077 2529 2117 ut
2548 2074 2651 2117 Cir-

440 2136 636 2187 culum,
658 2135 762 2192 (cui
783 2147 980 2178 nornen
1001 2135 1071 2178 est
1092 2136 1312 2178 Colurus
1333 2134 1818 2192 AEquinocstiorum)
1837 2134 2077 2189 attigerit.

509 2195 576 2238 At
595 2195 921 2249 respiciendo
941 2195 1368 2238 Astronomicam
1389 2194 1668 2250 Signorum
1689 2194 1904 2238 Zodiaci
1925 2194 2330 2246 ordinationem,
2358 2194 2510 2237 locus
2537 2193 2649 2236 eius

439 2254 581 2298 cadit
606 2254 658 2296 in
686 2255 888 2297 sextum
910 2254 1069 2297 Grad.
1093 2253 1149 2311 ξ(
1170 2266 1295 2298 cum
1315 2254 1556 2308 pauculis
1577 2254 1812 2297 minutis:
1842 2265 1966 2297 cum
1988 2253 2287 2296 Latitudine
2309 2253 2376 2296 ab
2397 2252 2650 2307 Ecliptica

437 2314 510 2356 53.
528 2314 687 2356 Grad.
705 2314 746 2356 82
762 2314 962 2368 aliquot
982 2314 1165 2357 minut.
1188 2314 1255 2356 At
1275 2314 1564 2357 secundum
1586 2312 1836 2357 oc'tauam
1851 2313 2132 2368 Sphaeram
2148 2313 2234 2355 seu
2249 2313 2513 2367 fignorum
2529 2323 2650 2355 con·
2699 2316 2745 2351 3ο

441 2373 770 2425 stellationes‚
792 2373 1050 2427 reperitur
1068 2373 1122 2415 in
1141 2373 1319 2416 medio
1338 2378 1412 2425 V.

510 2433 753 2476 Secundo
776 2433 919 2487 cupit
939 2433 1069 2476 Cels.
1091 2433 1144 2475 T.
1169 2433 1313 2484 scire,
1343 2432 1598 2487 quamdiu
1623 2432 1743 2475 haec
1765 2432 1925 2475 Stella
1952 2432 2056 2475 fiue
2078 2432 2298 2475 Cometa
2326 2430 2645 2486 apparuerit.

438 2493 496 2535 Id
526 2492 655 2535 Cels.
682 2492 736 2535 T.
770 2492 890 2535 satis
920 2491 1087 2535 stricte
1115 2492 1383 2546 praefinire
1411 2503 1635 2546 nequeo.
1666 2491 2034 2534 Animaduerti
2063 2503 2186 2534 eam
2215 2490 2388 2545 primo
2419 2490 2564 2534 circa
2597 2490 2650 2533 10

438 2552 699 2595 Nouemb.
723 2551 825 2594 Sed
846 2551 914 2594 illi
934 2555 1059 2595 tunc
1076 2554 1233 2606 prout
1247 2552 1494 2606 oportuit,
1517 2563 1625 2594 non
1640 2551 1853 2594 attendi.
1875 2551 2061 2594 Procul
2077 2550 2237 2594 dubio
2251 2553 2434 2593 tamen
2448 2549 2650 2604 aliquot

437 2614 558 2654 ante
571 2611 754 2654 diebus
768 2611 870 2654 sese
882 2611 1309 2666 conspiciendam
1321 2610 1564 2666 praebuit,
1582 2611 2041 2665 quemadmodum
2056 2610 2186 2653 mihi
2198 2621 2410 2664 quoque
2421 2610 2649 2653 relatum
2698 2614 2744 2649 35

436 2670 521 2714 est.
547 2671 669 2772 Bgzeo
692 2673 871 2713 autem
886 2670 1095 2723 iudicio,
1118 2682 1226 2714 non
1239 2671 1399 2725 prius,
1422 2683 1586 2725 quam
1601 2683 1633 2713 a
1646 2670 1902 2725 Principio
1920 2669 2180 2713 Nouemb.
2196 2670 2282 2713 uel
2297 2669 2366 2712 ad
2382 2669 2649 2711 summum

438 2729 495 2772 20
517 2730 561 2773 O
617 2730 760 2773 obris
781 2730 931 2773 fulsit.

506 2789 706 2832 Verum
728 2793 1017 2844 antequam
1032 2789 1299 2832 sententiae
1314 2801 1453 2832 meae
1467 2789 1699 2833 rationes
1714 2789 1969 2843 aperlam,
1992 2800 2089 2832 cur
2102 2800 2224 2832 earn
2239 2787 2384 2831 circa
2400 2787 2504 2830 hoc
2519 2790 2649 2830 tem-

436 2860 533 2902 pus
550 2849 639 2891 sua
654 2849 944 2903 primordia
959 2849 1191 2893 habuisse
1207 2852 1497 2900 autumem,
1516 2849 1646 2892 Cels.
1663 2849 1716 2892 T.
1734 2848 1860 2892 sciat
1875 2847 2257 2903 experientiam
2271 2847 2481 2899 docere,
2504 2846 2648 2901 quod

437 2909 608 2950 nullus
623 2908 844 2951 Cometa
864 2907 1174 2963 conspectus
1195 2909 1267 2960 Iit,
1290 2908 1381 2951 nili
1396 2908 1605 2962 Eclipfis
1620 2908 1753 2951 Solis
1774 2910 1865 2950 aut
1880 2908 2047 2950 Lunae
2068 2908 2109 2950 81
2131 2906 2458 2961 superiorum
2475 2907 2649 2949 Plane·
2698 2911 2744 2946 4ο

436 2969 613 3009 tarum
627 2967 1037 3020 coniunctiones,
1050 2980 1182 3022 quas
1193 2980 1415 3022 magnas
1426 2979 1704 3020 uocamus,
1714 2966 2081 3022 praecesserint.
2096 2967 2155 3009 Id
2167 2967 2310 3020 quod
2319 2965 2481 3008 etiam
2489 2965 2650 3008 Ptole-

440 3038 626 3078 maeus,
648 3026 978 3079 Albumasar,
1001 3028 1042 3069 81
1063 3027 1146 3082 alij
1167 3027 1435 3079 testantur,
1458 3027 1741 3081 multisque
1756 3026 2027 3081 exemplis,
2051 3038 2172 3080 quae
2187 3024 2458 3068 breuitatis
2473 3024 2649 3068 caussa

441 3085 643 3137 omitto,
673 3087 1016 3141 comprobari
1042 3086 1217 3141 posset.
1248 3086 1599 3140 Quapropter,
1629 3087 1664 3128 fi
1691 3085 2126 3140 retrospicientes,
2155 3084 2375 3139 Eclipfin
2401 3085 2568 3127 Lunae
2590 3083 2648 3126 25

440 3144 566 3199 Iunij
596 3145 750 3188 huius
778 3146 901 3188 anni
926 3146 1110 3196 uisam,
1140 3148 1299 3199 atque
1324 3145 1534 3200 insuper
1558 3158 1811 3200 magnam
1842 3143 1879 3202 b
1910 3146 1950 3188 81
1976 3146 2023 3200 (ᾖ
2055 3142 2498 3195 coniunctionem,
2527 3155 2648 3197 quae

438 3203 657 3257 septima
671 3206 993 3259 praeterlapfi
1008 3205 1219 3260 Augusti
1233 3205 1462 3259 contigit,
1480 3205 1875 3256 contulerimus,
1892 3205 1933 3247 81
1947 3203 2397 3258 perpenderimus,
2418 3202 2649 3246 offerunt
2698 3209 2743 3243 45

441 3263 489 3305 se
510 3263 742 3306 rationes
757 3264 1095 3319 Astrologicae
1114 3264 1270 3307 huius
1291 3264 1528 3307 Cometae
1550 3265 1654 3307 fiue
1675 3264 1867 3315 Stellae,
1891 3275 2023 3318 quas
2044 3274 2231 3306 omnes
2249 3263 2379 3305 Cels.
2394 3262 2448 3305 T.
2471 3272 2649 3305 recen-

440 3321 565 3373 sere,
586 3321 764 3365 forsan
785 3323 952 3378 magis
972 3324 1250 3367 taediosum
1263 3323 1403 3366 foret
1418 3336 1581 3377 quam
1597 3326 1893 3377 acceptum.
1916 3322 2234 3366 Potissimum
2247 3333 2377 3365 uero
2392 3321 2512 3364 haec
2528 3332 2649 3364 con-

437 3379 631 3423 iunctio
657 3379 694 3439 ’b
719 3382 759 3423 81
784 3383 851 3437 0⁷¹,
875 3382 1088 3438 contigit
1101 3383 1154 3425 in
1169 3383 1333 3425 dorno
1353 3383 1421 3438 ἅ,
1445 3383 1745 3437 Iupiterque
1760 3382 1813 3424 in
1826 3381 2083 3437 principio
2100 3380 2155 3439 8
2169 3381 2222 3423 111
2238 3380 2465 3424 secunda
2484 3380 2647 3422 domo

2576 3480 2648 3516 ex
