<?xml version="1.0" encoding="UTF-8"?>
<!DOCTYPE html PUBLIC "-//W3C//DTD XHTML 1.0 Transitional//EN"
    "http://www.w3.org/TR/xhtml1/DTD/xhtml1-transitional.dtd">
<html xmlns="http://www.w3.org/1999/xhtml" xml:lang="en" lang="en">
 <head>
  <title>
</title>
<meta http-equiv="Content-Type" content="text/html;charset=utf-8" />
  <meta name='ocr-system' content='tesseract 3.04.00' />
  <meta name='ocr-capabilities' content='ocr_page ocr_carea ocr_par ocr_line ocrx_word'/>
</head>
<body>
  <div class='ocr_page' id='page_1' title='image "./operaomniaedidit03brahuoft/operaomniaedidit03brahuoft_0171.png"; bbox 0 0 2976 4264; ppageno 0'>
   <div class='ocr_carea' id='block_1_1' title="bbox 223 905 311 1019">
    <p class='ocr_par' dir='ltr' id='par_1_1' title="bbox 223 905 311 1019">
     <span class='ocr_line' id='line_1_1' title="bbox 223 905 311 948; baseline 0 0"><span class='ocrx_word' id='word_1_1' title='bbox 223 905 311 948; x_wconf 84' lang='lat'>645</span> 
     </span>
     <span class='ocr_line' id='line_1_2' title="bbox 251 985 293 1019; baseline 0 0"><span class='ocrx_word' id='word_1_2' title='bbox 251 985 293 1019; x_wconf 90' lang='lat'>10</span> 
     </span>
    </p>
   </div>
   <div class='ocr_carea' id='block_1_2' title="bbox 251 1283 291 1317">
    <p class='ocr_par' dir='ltr' id='par_1_2' title="bbox 251 1283 291 1317">
     <span class='ocr_line' id='line_1_3' title="bbox 251 1283 291 1317; baseline 0.025 -1"><span class='ocrx_word' id='word_1_3' title='bbox 251 1283 291 1317; x_wconf 87' lang='lat'>15</span> 
     </span>
    </p>
   </div>
   <div class='ocr_carea' id='block_1_3' title="bbox 246 1877 292 1911">
    <p class='ocr_par' dir='ltr' id='par_1_3' title="bbox 246 1877 292 1911">
     <span class='ocr_line' id='line_1_4' title="bbox 246 1877 292 1911; baseline 0 0"><span class='ocrx_word' id='word_1_4' title='bbox 246 1877 292 1911; x_wconf 89' lang='grc'>25</span> 
     </span>
    </p>
   </div>
   <div class='ocr_carea' id='block_1_4' title="bbox 245 2471 291 2506">
    <p class='ocr_par' dir='ltr' id='par_1_4' title="bbox 245 2471 291 2506">
     <span class='ocr_line' id='line_1_5' title="bbox 245 2471 291 2506; baseline 0 0"><span class='ocrx_word' id='word_1_5' title='bbox 245 2471 291 2506; x_wconf 88' lang='grc'>35</span> 
     </span>
    </p>
   </div>
   <div class='ocr_carea' id='block_1_5' title="bbox 243 2768 290 2802">
    <p class='ocr_par' dir='ltr' id='par_1_5' title="bbox 243 2768 290 2802">
     <span class='ocr_line' id='line_1_6' title="bbox 243 2768 290 2802; baseline 0 0"><span class='ocrx_word' id='word_1_6' title='bbox 243 2768 290 2802; x_wconf 78' lang='lat'>40</span> 
     </span>
    </p>
   </div>
   <div class='ocr_carea' id='block_1_6' title="bbox 242 3064 288 3098">
    <p class='ocr_par' dir='ltr' id='par_1_6' title="bbox 242 3064 288 3098">
     <span class='ocr_line' id='line_1_7' title="bbox 242 3064 288 3098; baseline 0 0"><span class='ocrx_word' id='word_1_7' title='bbox 242 3064 288 3098; x_wconf 79' lang='lat'>45</span> 
     </span>
    </p>
   </div>
   <div class='ocr_carea' id='block_1_7' title="bbox 720 299 2554 356">
    <p class='ocr_par' dir='ltr' id='par_1_7' title="bbox 720 299 2554 356">
     <span class='ocr_line' id='line_1_8' title="bbox 720 299 2554 356; baseline 0.001 -3"><span class='ocrx_word' id='word_1_8' title='bbox 720 299 1601 354; x_wconf 88' lang='lat' dir='ltr'>PROGYMNASMATUM</span> <span class='ocrx_word' id='word_1_9' title='bbox 1628 301 1943 354; x_wconf 87' lang='lat' dir='ltr'><strong>TERTIA</strong></span> <span class='ocrx_word' id='word_1_10' title='bbox 1968 302 2172 355; x_wconf 88' lang='lat' dir='ltr'>PARS</span> <span class='ocrx_word' id='word_1_11' title='bbox 2461 303 2554 356; x_wconf 87' lang='lat'>159</span> 
     </span>
    </p>
   </div>
   <div class='ocr_carea' id='block_1_8' title="bbox 337 441 2556 3406">
    <p class='ocr_par' dir='ltr' id='par_1_8' title="bbox 341 441 2556 1376">
     <span class='ocr_line' id='line_1_9' title="bbox 345 441 2554 498; baseline 0 -13"><span class='ocrx_word' id='word_1_12' title='bbox 345 453 412 485; x_wconf 91' lang='lat' dir='ltr'>ex</span> <span class='ocrx_word' id='word_1_13' title='bbox 438 441 677 496; x_wconf 82' lang='lat' dir='ltr'>opposito</span> <span class='ocrx_word' id='word_1_14' title='bbox 704 441 1026 493; x_wconf 87' lang='lat' dir='ltr'>constitutus,</span> <span class='ocrx_word' id='word_1_15' title='bbox 1054 441 1246 485; x_wconf 91' lang='lat' dir='ltr'>eodem</span> <span class='ocrx_word' id='word_1_16' title='bbox 1273 441 1356 484; x_wconf 92' lang='lat' dir='ltr'>die</span> <span class='ocrx_word' id='word_1_17' title='bbox 1382 443 1722 497; x_wconf 85' lang='lat' dir='ltr'>retrogradus</span> <span class='ocrx_word' id='word_1_18' title='bbox 1744 441 1860 485; x_wconf 88' lang='lat' dir='ltr'>fieri</span> <span class='ocrx_word' id='word_1_19' title='bbox 1880 442 2052 497; x_wconf 85' lang='lat' dir='ltr'>caepit.</span> <span class='ocrx_word' id='word_1_20' title='bbox 2081 442 2140 485; x_wconf 91' lang='lat' dir='ltr'>In</span> <span class='ocrx_word' id='word_1_21' title='bbox 2161 454 2266 497; x_wconf 93' lang='lat' dir='ltr'>quo</span> <span class='ocrx_word' id='word_1_22' title='bbox 2288 442 2428 498; x_wconf 85' lang='lat' dir='ltr'>ligno</span> <span class='ocrx_word' id='word_1_23' title='bbox 2450 443 2554 486; x_wconf 79' lang='lat' dir='ltr'>siue</span> 
     </span>
     <span class='ocr_line' id='line_1_10' title="bbox 345 499 2554 556; baseline 0 -12"><span class='ocrx_word' id='word_1_24' title='bbox 345 503 482 553; x_wconf 94' lang='lat' dir='ltr'>loco,</span> <span class='ocrx_word' id='word_1_25' title='bbox 504 501 727 544; x_wconf 91' lang='lat' dir='ltr'>Cometa</span> <span class='ocrx_word' id='word_1_26' title='bbox 745 500 830 544; x_wconf 92' lang='lat' dir='ltr'>ille</span> <span class='ocrx_word' id='word_1_27' title='bbox 847 499 1103 544; x_wconf 67' lang='lat' dir='ltr'>hactenus</span> <span class='ocrx_word' id='word_1_28' title='bbox 1118 501 1405 544; x_wconf 91' lang='lat' dir='ltr'>secundum</span> <span class='ocrx_word' id='word_1_29' title='bbox 1419 501 1797 556; x_wconf 84' lang='lat' dir='ltr'>longitudinem</span> <span class='ocrx_word' id='word_1_30' title='bbox 1813 500 2121 556; x_wconf 67' lang='lat' dir='ltr'>conspectus</span> <span class='ocrx_word' id='word_1_31' title='bbox 2136 502 2221 545; x_wconf 87' lang='lat' dir='ltr'>est.</span> <span class='ocrx_word' id='word_1_32' title='bbox 2245 502 2554 545; x_wconf 90' lang='lat' dir='ltr'>Luminaria</span> 
     </span>
     <span class='ocr_line' id='line_1_11' title="bbox 346 558 2553 618; baseline 0 -15"><span class='ocrx_word' id='word_1_33' title='bbox 346 571 476 604; x_wconf 91' lang='lat' dir='ltr'>uero</span> <span class='ocrx_word' id='word_1_34' title='bbox 497 572 603 603; x_wconf 89' lang='lat' dir='ltr'>una</span> <span class='ocrx_word' id='word_1_35' title='bbox 623 571 749 604; x_wconf 93' lang='lat' dir='ltr'>cum</span> <span class='ocrx_word' id='word_1_36' title='bbox 775 558 808 618; x_wconf 56' lang='grc' dir='ltr'><strong>ἕ</strong></span> <span class='ocrx_word' id='word_1_37' title='bbox 825 593 836 612; x_wconf 93' lang='grc'><strong>,</strong></span> <span class='ocrx_word' id='word_1_38' title='bbox 864 560 1076 603; x_wconf 89' lang='lat' dir='ltr'>fuerunt</span> <span class='ocrx_word' id='word_1_39' title='bbox 1099 560 1153 603; x_wconf 91' lang='lat' dir='ltr'>in</span> <span class='ocrx_word' id='word_1_40' title='bbox 1172 561 1376 615; x_wconf 92' lang='lat' dir='ltr'>Angulo</span> <span class='ocrx_word' id='word_1_41' title='bbox 1398 560 1700 604; x_wconf 84' lang='lat' dir='ltr'>Occidentis</span> <span class='ocrx_word' id='word_1_42' title='bbox 1720 562 1762 604; x_wconf 84' lang='grc' dir='ltr'>8ι</span> <span class='ocrx_word' id='word_1_43' title='bbox 1788 566 1816 612; x_wconf 70' lang='grc' dir='ltr'>(ζ</span> <span class='ocrx_word' id='word_1_44' title='bbox 1841 561 1894 604; x_wconf 93' lang='lat' dir='ltr'>in</span> <span class='ocrx_word' id='word_1_45' title='bbox 1914 562 2175 616; x_wconf 90' lang='lat' dir='ltr'>quadrato</span> <span class='ocrx_word' id='word_1_46' title='bbox 2198 559 2407 615; x_wconf 76' lang='lat' dir='ltr'>aspectu</span> <span class='ocrx_word' id='word_1_47' title='bbox 2429 573 2553 605; x_wconf 91' lang='lat' dir='ltr'>cum</span> 
     </span>
     <span class='ocr_line' id='line_1_12' title="bbox 347 618 2556 679; baseline 0 -17"><span class='ocrx_word' id='word_1_48' title='bbox 347 618 384 678; x_wconf 59' lang='grc' dir='ltr'>ἦ</span> <span class='ocrx_word' id='word_1_49' title='bbox 412 621 461 676; x_wconf 72' lang='lat'>&lt;3¹</span> <span class='ocrx_word' id='word_1_50' title='bbox 486 620 527 662; x_wconf 77' lang='grc' dir='ltr'>δι</span> <span class='ocrx_word' id='word_1_51' title='bbox 551 621 613 675; x_wconf 72' lang='lat'>²4:</span> <span class='ocrx_word' id='word_1_52' title='bbox 638 619 838 663; x_wconf 89' lang='lat' dir='ltr'><strong>Habuit</strong></span> <span class='ocrx_word' id='word_1_53' title='bbox 858 631 1070 674; x_wconf 91' lang='lat' dir='ltr'>quoque</span> <span class='ocrx_word' id='word_1_54' title='bbox 1095 618 1128 677; x_wconf 57' lang='grc' dir='ltr'>ἴ</span> <span class='ocrx_word' id='word_1_55' title='bbox 1156 620 1477 674; x_wconf 89' lang='lat' dir='ltr'>quadratum</span> <span class='ocrx_word' id='word_1_56' title='bbox 1497 620 1567 663; x_wconf 91' lang='lat' dir='ltr'>ad</span> <span class='ocrx_word' id='word_1_57' title='bbox 1591 618 1628 679; x_wconf 67' lang='lat' dir='ltr'>‘fi</span> <span class='ocrx_word' id='word_1_58' title='bbox 1652 621 1693 662; x_wconf 74' lang='grc' dir='ltr'>ἃ</span> <span class='ocrx_word' id='word_1_59' title='bbox 1718 622 1791 676; x_wconf 73' lang='lat'>(3¹²</span> <span class='ocrx_word' id='word_1_60' title='bbox 1817 622 2074 675; x_wconf 86' lang='lat' dir='ltr'>pluraque</span> <span class='ocrx_word' id='word_1_61' title='bbox 2094 621 2198 663; x_wconf 92' lang='lat' dir='ltr'>alia</span> <span class='ocrx_word' id='word_1_62' title='bbox 2216 620 2413 664; x_wconf 87' lang='lat' dir='ltr'>ibidem</span> <span class='ocrx_word' id='word_1_63' title='bbox 2433 632 2556 664; x_wconf 92' lang='lat' dir='ltr'>con-</span> 
     </span>
     <span class='ocr_line' id='line_1_13' title="bbox 346 679 2553 735; baseline 0 -13"><span class='ocrx_word' id='word_1_64' title='bbox 346 679 561 722; x_wconf 86' lang='lat' dir='ltr'>fiderari</span> <span class='ocrx_word' id='word_1_65' title='bbox 578 679 793 734; x_wconf 86' lang='lat' dir='ltr'>possent.</span> <span class='ocrx_word' id='word_1_66' title='bbox 816 679 1144 723; x_wconf 91' lang='lat' dir='ltr'>Eiuscemodi</span> <span class='ocrx_word' id='word_1_67' title='bbox 1165 680 1325 723; x_wconf 87' lang='lat' dir='ltr'>malae</span> <span class='ocrx_word' id='word_1_68' title='bbox 1346 679 1792 735; x_wconf 87' lang='lat' dir='ltr'>configurationes</span> <span class='ocrx_word' id='word_1_69' title='bbox 1806 681 2156 732; x_wconf 91' lang='lat' dir='ltr'>Planetarum‚</span> <span class='ocrx_word' id='word_1_70' title='bbox 2178 680 2300 723; x_wconf 90' lang='lat' dir='ltr'>huic</span> <span class='ocrx_word' id='word_1_71' title='bbox 2317 680 2553 724; x_wconf 88' lang='lat' dir='ltr'>Cometae</span> 
     </span>
     <span class='ocr_line' id='line_1_14' title="bbox 343 738 2553 794; baseline 0 -13"><span class='ocrx_word' id='word_1_72' title='bbox 343 739 530 794; x_wconf 92' lang='lat' dir='ltr'>procul</span> <span class='ocrx_word' id='word_1_73' title='bbox 545 738 707 782; x_wconf 90' lang='lat' dir='ltr'>dubio</span> <span class='ocrx_word' id='word_1_74' title='bbox 722 738 955 782; x_wconf 86' lang='lat' dir='ltr'>caussam</span> <span class='ocrx_word' id='word_1_75' title='bbox 969 739 1326 794; x_wconf 86' lang='lat' dir='ltr'>praebuerunt.</span> <span class='ocrx_word' id='word_1_76' title='bbox 1342 738 1621 793; x_wconf 87' lang='lat' dir='ltr'>Postquam</span> <span class='ocrx_word' id='word_1_77' title='bbox 1630 739 1785 794; x_wconf 90' lang='lat' dir='ltr'>igitur</span> <span class='ocrx_word' id='word_1_78' title='bbox 1795 739 1883 783; x_wconf 89' lang='lat' dir='ltr'>Sol</span> <span class='ocrx_word' id='word_1_79' title='bbox 1895 743 2045 783; x_wconf 91' lang='lat' dir='ltr'>motu</span> <span class='ocrx_word' id='word_1_80' title='bbox 2059 740 2274 794; x_wconf 92' lang='lat' dir='ltr'>proprio</span> <span class='ocrx_word' id='word_1_81' title='bbox 2290 740 2358 782; x_wconf 92' lang='lat' dir='ltr'>ad</span> <span class='ocrx_word' id='word_1_82' title='bbox 2372 740 2553 783; x_wconf 92' lang='lat' dir='ltr'>locum</span> 
     </span>
     <span class='ocr_line' id='line_1_15' title="bbox 344 796 2553 858; baseline 0 -17"><span class='ocrx_word' id='word_1_83' title='bbox 344 796 499 841; x_wconf 67' lang='lat' dir='ltr'>dictae</span> <span class='ocrx_word' id='word_1_84' title='bbox 514 797 896 842; x_wconf 74' lang='lat' dir='ltr'>coniunctionis</span> <span class='ocrx_word' id='word_1_85' title='bbox 910 810 1137 854; x_wconf 86' lang='lat' dir='ltr'>magnae,</span> <span class='ocrx_word' id='word_1_86' title='bbox 1154 798 1298 842; x_wconf 92' lang='lat' dir='ltr'>circa</span> <span class='ocrx_word' id='word_1_87' title='bbox 1311 798 1370 841; x_wconf 90' lang='grc'>20</span> <span class='ocrx_word' id='word_1_88' title='bbox 1384 797 1570 842; x_wconf 76' lang='lat' dir='ltr'>Ocstob.</span> <span class='ocrx_word' id='word_1_89' title='bbox 1586 799 1841 853; x_wconf 90' lang='lat' dir='ltr'>peruenit,</span> <span class='ocrx_word' id='word_1_90' title='bbox 1858 799 1899 842; x_wconf 69' lang='lat'>82</span> <span class='ocrx_word' id='word_1_91' title='bbox 1917 797 1954 858; x_wconf 64' lang='grc' dir='ltr'><strong>ἦ</strong></span> <span class='ocrx_word' id='word_1_92' title='bbox 1971 811 2078 843; x_wconf 91' lang='lat' dir='ltr'>una</span> <span class='ocrx_word' id='word_1_93' title='bbox 2093 810 2219 842; x_wconf 92' lang='lat' dir='ltr'>cum</span> <span class='ocrx_word' id='word_1_94' title='bbox 2241 797 2274 857; x_wconf 58' lang='grc' dir='ltr'>ἴ</span> <span class='ocrx_word' id='word_1_95' title='bbox 2296 799 2350 841; x_wconf 91' lang='lat' dir='ltr'>in</span> <span class='ocrx_word' id='word_1_96' title='bbox 2361 800 2553 842; x_wconf 92' lang='lat' dir='ltr'>eodem</span> 
     </span>
     <span class='ocr_line' id='line_1_16' title="bbox 343 856 2552 917; baseline 0 -16"><span class='ocrx_word' id='word_1_97' title='bbox 343 859 481 910; x_wconf 93' lang='lat' dir='ltr'>loco,</span> <span class='ocrx_word' id='word_1_98' title='bbox 498 858 606 901; x_wconf 92' lang='lat' dir='ltr'>Soli</span> <span class='ocrx_word' id='word_1_99' title='bbox 618 858 812 912; x_wconf 91' lang='lat' dir='ltr'>platice</span> <span class='ocrx_word' id='word_1_100' title='bbox 827 856 1106 909; x_wconf 74' lang='lat' dir='ltr'>coniuncti,</span> <span class='ocrx_word' id='word_1_101' title='bbox 1124 861 1282 912; x_wconf 92' lang='lat' dir='ltr'>atque</span> <span class='ocrx_word' id='word_1_102' title='bbox 1297 869 1365 901; x_wconf 91' lang='lat' dir='ltr'>ex</span> <span class='ocrx_word' id='word_1_103' title='bbox 1378 858 1542 902; x_wconf 92' lang='lat' dir='ltr'>domo</span> <span class='ocrx_word' id='word_1_104' title='bbox 1561 860 1610 914; x_wconf 75' lang='lat'>&lt;3¹</span> <span class='ocrx_word' id='word_1_105' title='bbox 1629 859 1670 900; x_wconf 76' lang='grc' dir='ltr'>ἃ</span> <span class='ocrx_word' id='word_1_106' title='bbox 1685 860 1876 913; x_wconf 90' lang='lat' dir='ltr'>angulo</span> <span class='ocrx_word' id='word_1_107' title='bbox 1892 858 2134 911; x_wconf 87' lang='lat' dir='ltr'>Orientis,</span> <span class='ocrx_word' id='word_1_108' title='bbox 2154 863 2182 910; x_wconf 74' lang='lat' dir='ltr'>c(</span> <span class='ocrx_word' id='word_1_109' title='bbox 2198 859 2252 901; x_wconf 90' lang='lat' dir='ltr'>in</span> <span class='ocrx_word' id='word_1_110' title='bbox 2265 860 2291 901; x_wconf 93' lang='lat'>7</span> <span class='ocrx_word' id='word_1_111' title='bbox 2308 857 2552 917; x_wconf 46' lang='lat' dir='ltr'>GradQffss</span> 
     </span>
     <span class='ocr_line' id='line_1_17' title="bbox 343 917 2554 973; baseline 0 -13"><span class='ocrx_word' id='word_1_112' title='bbox 343 917 610 968; x_wconf 81' lang='lat' dir='ltr'>existente,</span> <span class='ocrx_word' id='word_1_113' title='bbox 634 917 689 959; x_wconf 92' lang='lat' dir='ltr'>in</span> <span class='ocrx_word' id='word_1_114' title='bbox 709 917 999 960; x_wconf 91' lang='lat' dir='ltr'>occidentis</span> <span class='ocrx_word' id='word_1_115' title='bbox 1019 917 1236 960; x_wconf 90' lang='lat' dir='ltr'>cardine</span> <span class='ocrx_word' id='word_1_116' title='bbox 1256 929 1323 960; x_wconf 90' lang='lat' dir='ltr'>ex</span> <span class='ocrx_word' id='word_1_117' title='bbox 1344 918 1582 972; x_wconf 81' lang='lat' dir='ltr'>opposito</span> <span class='ocrx_word' id='word_1_118' title='bbox 1603 918 1932 973; x_wconf 91' lang='lat' dir='ltr'>aspexerunt,</span> <span class='ocrx_word' id='word_1_119' title='bbox 1961 918 2261 972; x_wconf 89' lang='lat' dir='ltr'>Iupiterque</span> <span class='ocrx_word' id='word_1_120' title='bbox 2281 918 2457 962; x_wconf 91' lang='lat' dir='ltr'>adhuc</span> <span class='ocrx_word' id='word_1_121' title='bbox 2477 929 2554 961; x_wconf 90' lang='lat' dir='ltr'>re-</span> 
     </span>
     <span class='ocr_line' id='line_1_18' title="bbox 341 976 2548 1033; baseline 0.001 -14"><span class='ocrx_word' id='word_1_122' title='bbox 341 977 624 1032; x_wconf 89' lang='lat' dir='ltr'>trogradus</span> <span class='ocrx_word' id='word_1_123' title='bbox 643 977 685 1019; x_wconf 78' lang='lat'>81</span> <span class='ocrx_word' id='word_1_124' title='bbox 704 976 802 1020; x_wconf 93' lang='lat' dir='ltr'>illis</span> <span class='ocrx_word' id='word_1_125' title='bbox 821 976 1097 1031; x_wconf 90' lang='lat' dir='ltr'>proximus</span> <span class='ocrx_word' id='word_1_126' title='bbox 1118 976 1229 1029; x_wconf 83' lang='lat' dir='ltr'>fuit,</span> <span class='ocrx_word' id='word_1_127' title='bbox 1251 976 1489 1020; x_wconf 89' lang='lat' dir='ltr'>existimo</span> <span class='ocrx_word' id='word_1_128' title='bbox 1510 989 1607 1032; x_wconf 93' lang='lat' dir='ltr'>pro</span> <span class='ocrx_word' id='word_1_129' title='bbox 1629 978 1847 1021; x_wconf 92' lang='lat' dir='ltr'>modulo</span> <span class='ocrx_word' id='word_1_130' title='bbox 1869 977 2053 1033; x_wconf 89' lang='lat' dir='ltr'>ingenij</span> <span class='ocrx_word' id='word_1_131' title='bbox 2073 978 2194 1029; x_wconf 90' lang='lat' dir='ltr'>mei,</span> <span class='ocrx_word' id='word_1_132' title='bbox 2217 977 2445 1021; x_wconf 91' lang='lat' dir='ltr'>eundem</span> <span class='ocrx_word' id='word_1_133' title='bbox 2461 978 2548 1021; x_wconf 86' lang='lat' dir='ltr'>Co·</span> 
     </span>
     <span class='ocr_line' id='line_1_19' title="bbox 342 1034 2554 1092; baseline -0 -12"><span class='ocrx_word' id='word_1_134' title='bbox 342 1039 560 1088; x_wconf 90' lang='lat' dir='ltr'>metam,</span> <span class='ocrx_word' id='word_1_135' title='bbox 590 1047 658 1079; x_wconf 90' lang='lat' dir='ltr'>ex</span> <span class='ocrx_word' id='word_1_136' title='bbox 682 1036 846 1080; x_wconf 92' lang='lat' dir='ltr'>modo</span> <span class='ocrx_word' id='word_1_137' title='bbox 874 1034 1013 1079; x_wconf 73' lang='lat' dir='ltr'>dicta</span> <span class='ocrx_word' id='word_1_138' title='bbox 1039 1036 1450 1088; x_wconf 86' lang='lat' dir='ltr'>constellatione,</span> <span class='ocrx_word' id='word_1_139' title='bbox 1477 1037 1710 1091; x_wconf 92' lang='lat' dir='ltr'>primum</span> <span class='ocrx_word' id='word_1_140' title='bbox 1736 1037 1993 1092; x_wconf 89' lang='lat' dir='ltr'>prodijsse‚</span> <span class='ocrx_word' id='word_1_141' title='bbox 2025 1040 2183 1091; x_wconf 90' lang='lat' dir='ltr'>atque</span> <span class='ocrx_word' id='word_1_142' title='bbox 2204 1048 2463 1091; x_wconf 90' lang='lat' dir='ltr'>apparere</span> <span class='ocrx_word' id='word_1_143' title='bbox 2482 1037 2554 1079; x_wconf 86' lang='lat' dir='ltr'>in·</span> 
     </span>
     <span class='ocr_line' id='line_1_20' title="bbox 342 1095 2550 1151; baseline -0 -12"><span class='ocrx_word' id='word_1_144' title='bbox 342 1095 543 1150; x_wconf 85' lang='lat' dir='ltr'>cepisse.</span> <span class='ocrx_word' id='word_1_145' title='bbox 567 1095 686 1147; x_wconf 89' lang='lat' dir='ltr'>Quo</span> <span class='ocrx_word' id='word_1_146' title='bbox 706 1107 795 1138; x_wconf 91' lang='lat' dir='ltr'>me</span> <span class='ocrx_word' id='word_1_147' title='bbox 814 1107 922 1139; x_wconf 92' lang='lat' dir='ltr'>non</span> <span class='ocrx_word' id='word_1_148' title='bbox 941 1107 1133 1150; x_wconf 91' lang='lat' dir='ltr'>parum</span> <span class='ocrx_word' id='word_1_149' title='bbox 1153 1095 1387 1150; x_wconf 87' lang='lat' dir='ltr'>impellit,</span> <span class='ocrx_word' id='word_1_150' title='bbox 1411 1097 1554 1150; x_wconf 91' lang='lat' dir='ltr'>quod</span> <span class='ocrx_word' id='word_1_151' title='bbox 1574 1096 1636 1151; x_wconf 88' lang='lat' dir='ltr'>ijs</span> <span class='ocrx_word' id='word_1_152' title='bbox 1655 1096 1774 1151; x_wconf 82' lang='lat' dir='ltr'>ipsis</span> <span class='ocrx_word' id='word_1_153' title='bbox 1795 1096 1996 1148; x_wconf 90' lang='lat' dir='ltr'>diebus,</span> <span class='ocrx_word' id='word_1_154' title='bbox 2018 1096 2179 1151; x_wconf 91' lang='lat' dir='ltr'>frigus</span> <span class='ocrx_word' id='word_1_155' title='bbox 2198 1095 2324 1138; x_wconf 93' lang='lat' dir='ltr'>illud</span> <span class='ocrx_word' id='word_1_156' title='bbox 2340 1096 2550 1151; x_wconf 89' lang='lat' dir='ltr'>incepit,</span> 
     </span>
     <span class='ocr_line' id='line_1_21' title="bbox 341 1153 2551 1213; baseline 0 -16"><span class='ocrx_word' id='word_1_157' title='bbox 341 1155 651 1210; x_wconf 86' lang='lat' dir='ltr'>praesertim,</span> <span class='ocrx_word' id='word_1_158' title='bbox 680 1155 895 1209; x_wconf 92' lang='lat' dir='ltr'>quando</span> <span class='ocrx_word' id='word_1_159' title='bbox 916 1153 1216 1198; x_wconf 70' lang='lat' dir='ltr'>coniunctio</span> <span class='ocrx_word' id='word_1_160' title='bbox 1241 1153 1279 1213; x_wconf 62' lang='grc' dir='ltr'><strong>ἦ</strong></span> <span class='ocrx_word' id='word_1_161' title='bbox 1302 1156 1344 1198; x_wconf 86' lang='grc' dir='ltr'>8ι</span> <span class='ocrx_word' id='word_1_162' title='bbox 1369 1161 1414 1206; x_wconf 80' lang='grc' dir='ltr'>Θ</span> <span class='ocrx_word' id='word_1_163' title='bbox 1441 1154 1604 1198; x_wconf 70' lang='lat' dir='ltr'>facta:</span> <span class='ocrx_word' id='word_1_164' title='bbox 1632 1155 1787 1199; x_wconf 89' lang='lat' dir='ltr'>huius</span> <span class='ocrx_word' id='word_1_165' title='bbox 1810 1155 1974 1200; x_wconf 89' lang='lat' dir='ltr'>etiarn</span> <span class='ocrx_word' id='word_1_166' title='bbox 1999 1155 2276 1210; x_wconf 86' lang='lat' dir='ltr'>praecocis‚</span> <span class='ocrx_word' id='word_1_167' title='bbox 2305 1155 2551 1207; x_wconf 91' lang='lat' dir='ltr'>diuturni,</span> 
     </span>
     <span class='ocr_line' id='line_1_22' title="bbox 342 1213 2551 1269; baseline 0 -12"><span class='ocrx_word' id='word_1_168' title='bbox 342 1214 383 1256; x_wconf 79' lang='lat'>81</span> <span class='ocrx_word' id='word_1_169' title='bbox 403 1214 622 1257; x_wconf 90' lang='lat' dir='ltr'>inauditi</span> <span class='ocrx_word' id='word_1_170' title='bbox 641 1214 849 1269; x_wconf 83' lang='lat' dir='ltr'>frigoris</span> <span class='ocrx_word' id='word_1_171' title='bbox 869 1214 1061 1265; x_wconf 87' lang='lat' dir='ltr'>caussa,</span> <span class='ocrx_word' id='word_1_172' title='bbox 1087 1214 1299 1269; x_wconf 85' lang='lat' dir='ltr'>praefati</span> <span class='ocrx_word' id='word_1_173' title='bbox 1319 1213 1557 1269; x_wconf 70' lang='lat' dir='ltr'>aspectus</span> <span class='ocrx_word' id='word_1_174' title='bbox 1577 1215 1874 1258; x_wconf 89' lang='lat' dir='ltr'>extiterunt.</span> <span class='ocrx_word' id='word_1_175' title='bbox 1904 1215 2005 1258; x_wconf 93' lang='lat' dir='ltr'>Ista</span> <span class='ocrx_word' id='word_1_176' title='bbox 2023 1214 2170 1259; x_wconf 92' lang='lat' dir='ltr'>uolui</span> <span class='ocrx_word' id='word_1_177' title='bbox 2189 1215 2438 1259; x_wconf 89' lang='lat' dir='ltr'>breuibus</span> <span class='ocrx_word' id='word_1_178' title='bbox 2465 1215 2551 1258; x_wconf 84' lang='lat' dir='ltr'>hic</span> 
     </span>
     <span class='ocr_line' id='line_1_23' title="bbox 341 1273 2553 1329; baseline 0 -13"><span class='ocrx_word' id='word_1_179' title='bbox 341 1273 590 1317; x_wconf 89' lang='lat' dir='ltr'>indicare.</span> <span class='ocrx_word' id='word_1_180' title='bbox 619 1273 672 1316; x_wconf 91' lang='lat' dir='ltr'>Si</span> <span class='ocrx_word' id='word_1_181' title='bbox 699 1276 845 1317; x_wconf 89' lang='lat' dir='ltr'>certo</span> <span class='ocrx_word' id='word_1_182' title='bbox 874 1273 939 1316; x_wconf 91' lang='lat' dir='ltr'>de</span> <span class='ocrx_word' id='word_1_183' title='bbox 965 1273 1154 1328; x_wconf 87' lang='lat' dir='ltr'>primae</span> <span class='ocrx_word' id='word_1_184' title='bbox 1179 1273 1523 1328; x_wconf 90' lang='lat' dir='ltr'>apparitionis</span> <span class='ocrx_word' id='word_1_185' title='bbox 1541 1277 1784 1329; x_wconf 91' lang='lat' dir='ltr'>tempore</span> <span class='ocrx_word' id='word_1_186' title='bbox 1804 1275 2083 1327; x_wconf 89' lang='lat' dir='ltr'>constaret,</span> <span class='ocrx_word' id='word_1_187' title='bbox 2110 1274 2274 1329; x_wconf 87' lang='lat' dir='ltr'>posset</span> <span class='ocrx_word' id='word_1_188' title='bbox 2294 1274 2397 1317; x_wconf 92' lang='lat' dir='ltr'>alia</span> <span class='ocrx_word' id='word_1_189' title='bbox 2418 1275 2458 1316; x_wconf 85' lang='grc' dir='ltr'>8ι</span> <span class='ocrx_word' id='word_1_190' title='bbox 2480 1274 2553 1317; x_wconf 86' lang='lat' dir='ltr'>fa-</span> 
     </span>
     <span class='ocr_line' id='line_1_24' title="bbox 341 1332 1466 1376; baseline 0 -1"><span class='ocrx_word' id='word_1_191' title='bbox 341 1333 509 1376; x_wconf 90' lang='lat' dir='ltr'>ciliori</span> <span class='ocrx_word' id='word_1_192' title='bbox 526 1332 732 1376; x_wconf 90' lang='lat' dir='ltr'>ratione</span> <span class='ocrx_word' id='word_1_193' title='bbox 754 1333 820 1376; x_wconf 91' lang='lat' dir='ltr'>de</span> <span class='ocrx_word' id='word_1_194' title='bbox 838 1332 921 1375; x_wconf 89' lang='lat' dir='ltr'>his</span> <span class='ocrx_word' id='word_1_195' title='bbox 941 1333 1240 1376; x_wconf 91' lang='lat' dir='ltr'>numeratio</span> <span class='ocrx_word' id='word_1_196' title='bbox 1260 1332 1466 1376; x_wconf 88' lang='lat' dir='ltr'>institui.</span> 
     </span>
    </p>

    <p class='ocr_par' dir='ltr' id='par_1_9' title="bbox 339 1391 2553 1983">
     <span class='ocr_line' id='line_1_25' title="bbox 411 1391 2551 1447; baseline 0 -13"><span class='ocrx_word' id='word_1_197' title='bbox 411 1393 493 1436; x_wconf 93' lang='lat' dir='ltr'>Ad</span> <span class='ocrx_word' id='word_1_198' title='bbox 511 1392 726 1436; x_wconf 86' lang='lat' dir='ltr'>tertiam</span> <span class='ocrx_word' id='word_1_199' title='bbox 747 1391 1092 1447; x_wconf 86' lang='lat' dir='ltr'>quaestionem</span> <span class='ocrx_word' id='word_1_200' title='bbox 1112 1392 1186 1435; x_wconf 92' lang='lat' dir='ltr'>est</span> <span class='ocrx_word' id='word_1_201' title='bbox 1205 1392 1324 1436; x_wconf 86' lang='lat' dir='ltr'>haec</span> <span class='ocrx_word' id='word_1_202' title='bbox 1345 1393 1608 1447; x_wconf 76' lang='lat' dir='ltr'>responsio</span> <span class='ocrx_word' id='word_1_203' title='bbox 1629 1405 1766 1436; x_wconf 91' lang='lat' dir='ltr'>mea.</span> <span class='ocrx_word' id='word_1_204' title='bbox 1796 1394 2018 1436; x_wconf 91' lang='lat' dir='ltr'>Cometa</span> <span class='ocrx_word' id='word_1_205' title='bbox 2042 1393 2128 1436; x_wconf 89' lang='lat' dir='ltr'>hic</span> <span class='ocrx_word' id='word_1_206' title='bbox 2150 1393 2255 1436; x_wconf 81' lang='lat' dir='ltr'>siue</span> <span class='ocrx_word' id='word_1_207' title='bbox 2275 1392 2451 1445; x_wconf 91' lang='lat' dir='ltr'>Stella,</span> <span class='ocrx_word' id='word_1_208' title='bbox 2480 1394 2551 1436; x_wconf 96' lang='lat' dir='ltr'>lo-</span> 
     </span>
     <span class='ocr_line' id='line_1_26' title="bbox 341 1450 2551 1506; baseline -0 -11"><span class='ocrx_word' id='word_1_209' title='bbox 341 1463 466 1495; x_wconf 93' lang='lat' dir='ltr'>cum</span> <span class='ocrx_word' id='word_1_210' title='bbox 493 1450 707 1504; x_wconf 70' lang='lat' dir='ltr'>dictum,</span> <span class='ocrx_word' id='word_1_211' title='bbox 735 1463 841 1506; x_wconf 92' lang='lat' dir='ltr'>quo</span> <span class='ocrx_word' id='word_1_212' title='bbox 867 1451 1013 1494; x_wconf 90' lang='lat' dir='ltr'>illam</span> <span class='ocrx_word' id='word_1_213' title='bbox 1039 1452 1215 1506; x_wconf 91' lang='lat' dir='ltr'>primo</span> <span class='ocrx_word' id='word_1_214' title='bbox 1236 1451 1543 1503; x_wconf 87' lang='lat' dir='ltr'>Obseruaui‚</span> <span class='ocrx_word' id='word_1_215' title='bbox 1571 1463 1679 1495; x_wconf 93' lang='lat' dir='ltr'>non</span> <span class='ocrx_word' id='word_1_216' title='bbox 1705 1452 1951 1496; x_wconf 90' lang='lat' dir='ltr'>mutauit:</span> <span class='ocrx_word' id='word_1_217' title='bbox 1983 1453 2069 1495; x_wconf 91' lang='lat' dir='ltr'>sed</span> <span class='ocrx_word' id='word_1_218' title='bbox 2090 1452 2324 1503; x_wconf 92' lang='lat' dir='ltr'>omnino,</span> <span class='ocrx_word' id='word_1_219' title='bbox 2352 1452 2427 1495; x_wconf 91' lang='lat' dir='ltr'>uti</span> <span class='ocrx_word' id='word_1_220' title='bbox 2448 1452 2551 1495; x_wconf 92' lang='lat' dir='ltr'>alia</span> 
     </span>
     <span class='ocr_line' id='line_1_27' title="bbox 340 1510 2552 1566; baseline 0 -12"><span class='ocrx_word' id='word_1_221' title='bbox 340 1512 500 1555; x_wconf 87' lang='lat' dir='ltr'>Stella</span> <span class='ocrx_word' id='word_1_222' title='bbox 513 1511 638 1563; x_wconf 88' lang='lat' dir='ltr'>fixa,</span> <span class='ocrx_word' id='word_1_223' title='bbox 654 1510 942 1555; x_wconf 91' lang='lat' dir='ltr'>immobilis</span> <span class='ocrx_word' id='word_1_224' title='bbox 955 1511 1230 1565; x_wconf 91' lang='lat' dir='ltr'>hucusque</span> <span class='ocrx_word' id='word_1_225' title='bbox 1244 1511 1481 1566; x_wconf 89' lang='lat' dir='ltr'>perstitit:</span> <span class='ocrx_word' id='word_1_226' title='bbox 1500 1512 1756 1555; x_wconf 82' lang='lat' dir='ltr'>&amp;interea</span> <span class='ocrx_word' id='word_1_227' title='bbox 1767 1512 2025 1566; x_wconf 90' lang='lat' dir='ltr'>temporis</span> <span class='ocrx_word' id='word_1_228' title='bbox 2038 1513 2211 1555; x_wconf 91' lang='lat' dir='ltr'>nullus</span> <span class='ocrx_word' id='word_1_229' title='bbox 2227 1511 2359 1554; x_wconf 89' lang='lat' dir='ltr'>alius</span> <span class='ocrx_word' id='word_1_230' title='bbox 2375 1515 2552 1555; x_wconf 89' lang='lat' dir='ltr'>motus</span> 
     </span>
     <span class='ocr_line' id='line_1_28' title="bbox 339 1570 2551 1625; baseline 0 -12"><span class='ocrx_word' id='word_1_231' title='bbox 339 1570 393 1613; x_wconf 90' lang='lat' dir='ltr'>in</span> <span class='ocrx_word' id='word_1_232' title='bbox 418 1571 527 1625; x_wconf 88' lang='lat' dir='ltr'>ipsa</span> <span class='ocrx_word' id='word_1_233' title='bbox 554 1571 955 1614; x_wconf 83' lang='lat' dir='ltr'>animaduersus</span> <span class='ocrx_word' id='word_1_234' title='bbox 981 1571 1070 1622; x_wconf 87' lang='lat' dir='ltr'>est,</span> <span class='ocrx_word' id='word_1_235' title='bbox 1098 1582 1278 1624; x_wconf 92' lang='lat' dir='ltr'>quam,</span> <span class='ocrx_word' id='word_1_236' title='bbox 1307 1582 1412 1625; x_wconf 92' lang='lat' dir='ltr'>quo</span> <span class='ocrx_word' id='word_1_237' title='bbox 1440 1570 1583 1614; x_wconf 87' lang='lat' dir='ltr'>circa</span> <span class='ocrx_word' id='word_1_238' title='bbox 1607 1572 1792 1614; x_wconf 90' lang='lat' dir='ltr'>Polum</span> <span class='ocrx_word' id='word_1_239' title='bbox 1811 1570 2083 1614; x_wconf 72' lang='lat' dir='ltr'>Arcticum</span> <span class='ocrx_word' id='word_1_240' title='bbox 2101 1571 2154 1614; x_wconf 93' lang='lat' dir='ltr'>in</span> <span class='ocrx_word' id='word_1_241' title='bbox 2173 1571 2436 1614; x_wconf 90' lang='lat' dir='ltr'>Parallelis</span> <span class='ocrx_word' id='word_1_242' title='bbox 2457 1571 2551 1614; x_wconf 92' lang='lat' dir='ltr'>cir-</span> 
     </span>
     <span class='ocr_line' id='line_1_29' title="bbox 343 1629 2550 1685; baseline 0 -12"><span class='ocrx_word' id='word_1_243' title='bbox 343 1631 474 1673; x_wconf 90' lang='lat' dir='ltr'>culis</span> <span class='ocrx_word' id='word_1_244' title='bbox 494 1630 850 1682; x_wconf 87' lang='lat' dir='ltr'>conuoluitur;</span> <span class='ocrx_word' id='word_1_245' title='bbox 874 1630 963 1684; x_wconf 90' lang='lat' dir='ltr'>qui</span> <span class='ocrx_word' id='word_1_246' title='bbox 983 1630 1051 1673; x_wconf 94' lang='lat' dir='ltr'>ob</span> <span class='ocrx_word' id='word_1_247' title='bbox 1072 1630 1126 1672; x_wconf 91' lang='lat' dir='ltr'>id</span> <span class='ocrx_word' id='word_1_248' title='bbox 1145 1633 1324 1673; x_wconf 89' lang='lat' dir='ltr'>motus</span> <span class='ocrx_word' id='word_1_249' title='bbox 1345 1630 1562 1673; x_wconf 91' lang='lat' dir='ltr'>diurnus</span> <span class='ocrx_word' id='word_1_250' title='bbox 1584 1631 1894 1685; x_wconf 90' lang='lat' dir='ltr'>appellatur,</span> <span class='ocrx_word' id='word_1_251' title='bbox 1917 1632 2060 1685; x_wconf 91' lang='lat' dir='ltr'>quod</span> <span class='ocrx_word' id='word_1_252' title='bbox 2081 1631 2164 1674; x_wconf 92' lang='lat' dir='ltr'>die</span> <span class='ocrx_word' id='word_1_253' title='bbox 2185 1631 2226 1673; x_wconf 75' lang='lat'>81</span> <span class='ocrx_word' id='word_1_254' title='bbox 2246 1629 2416 1681; x_wconf 71' lang='lat' dir='ltr'>nocte,</span> <span class='ocrx_word' id='word_1_255' title='bbox 2446 1631 2550 1673; x_wconf 84' lang='lat' dir='ltr'>siue</span> 
     </span>
     <span class='ocr_line' id='line_1_30' title="bbox 342 1688 2550 1745; baseline 0 -13"><span class='ocrx_word' id='word_1_256' title='bbox 342 1690 395 1732; x_wconf 93' lang='lat' dir='ltr'>in</span> <span class='ocrx_word' id='word_1_257' title='bbox 407 1689 466 1732; x_wconf 92' lang='lat'>24</span> <span class='ocrx_word' id='word_1_258' title='bbox 479 1690 624 1733; x_wconf 92' lang='lat' dir='ltr'>horis</span> <span class='ocrx_word' id='word_1_259' title='bbox 638 1690 797 1733; x_wconf 91' lang='lat' dir='ltr'>semel</span> <span class='ocrx_word' id='word_1_260' title='bbox 813 1689 1142 1733; x_wconf 88' lang='lat' dir='ltr'>conficiatur.</span> <span class='ocrx_word' id='word_1_261' title='bbox 1159 1690 1234 1732; x_wconf 91' lang='lat' dir='ltr'>Ex</span> <span class='ocrx_word' id='word_1_262' title='bbox 1249 1701 1354 1744; x_wconf 92' lang='lat' dir='ltr'>quo</span> <span class='ocrx_word' id='word_1_263' title='bbox 1370 1693 1551 1733; x_wconf 91' lang='lat' dir='ltr'>autem</span> <span class='ocrx_word' id='word_1_264' title='bbox 1566 1690 1725 1733; x_wconf 88' lang='lat' dir='ltr'>Stella</span> <span class='ocrx_word' id='word_1_265' title='bbox 1738 1690 1858 1734; x_wconf 83' lang='lat' dir='ltr'>haec</span> <span class='ocrx_word' id='word_1_266' title='bbox 1875 1689 2154 1745; x_wconf 65' lang='lat' dir='ltr'>saepedicta</span> <span class='ocrx_word' id='word_1_267' title='bbox 2166 1702 2198 1733; x_wconf 94' lang='lat' dir='ltr'>a</span> <span class='ocrx_word' id='word_1_268' title='bbox 2209 1691 2332 1733; x_wconf 93' lang='lat' dir='ltr'>Polo</span> <span class='ocrx_word' id='word_1_269' title='bbox 2340 1688 2550 1733; x_wconf 75' lang='lat' dir='ltr'>Arcstico</span> 
     </span>
     <span class='ocr_line' id='line_1_31' title="bbox 342 1748 2553 1804; baseline 0 -12"><span class='ocrx_word' id='word_1_270' title='bbox 342 1761 449 1793; x_wconf 91' lang='lat' dir='ltr'>non</span> <span class='ocrx_word' id='word_1_271' title='bbox 468 1750 607 1792; x_wconf 93' lang='lat' dir='ltr'>ultra</span> <span class='ocrx_word' id='word_1_272' title='bbox 625 1748 684 1792; x_wconf 89' lang='lat'>28</span> <span class='ocrx_word' id='word_1_273' title='bbox 705 1749 865 1792; x_wconf 91' lang='lat' dir='ltr'>Grad.</span> <span class='ocrx_word' id='word_1_274' title='bbox 888 1752 1246 1801; x_wconf 88' lang='lat' dir='ltr'>remoueatur,</span> <span class='ocrx_word' id='word_1_275' title='bbox 1275 1761 1383 1793; x_wconf 92' lang='lat' dir='ltr'>non</span> <span class='ocrx_word' id='word_1_276' title='bbox 1403 1749 1585 1801; x_wconf 91' lang='lat' dir='ltr'>oritur,</span> <span class='ocrx_word' id='word_1_277' title='bbox 1612 1760 1784 1804; x_wconf 90' lang='lat' dir='ltr'>neque</span> <span class='ocrx_word' id='word_1_278' title='bbox 1805 1749 2154 1793; x_wconf 93' lang='lat' dir='ltr'>Horizontem</span> <span class='ocrx_word' id='word_1_279' title='bbox 2176 1749 2323 1800; x_wconf 89' lang='lat' dir='ltr'>subit,</span> <span class='ocrx_word' id='word_1_280' title='bbox 2351 1750 2438 1792; x_wconf 92' lang='lat' dir='ltr'>sed</span> <span class='ocrx_word' id='word_1_281' title='bbox 2458 1761 2553 1804; x_wconf 90' lang='lat' dir='ltr'>per</span> 
     </span>
     <span class='ocr_line' id='line_1_32' title="bbox 341 1807 2550 1867; baseline 0 -16"><span class='ocrx_word' id='word_1_282' title='bbox 341 1812 512 1852; x_wconf 89' lang='lat' dir='ltr'>totam</span> <span class='ocrx_word' id='word_1_283' title='bbox 538 1807 752 1852; x_wconf 71' lang='lat' dir='ltr'>noctem</span> <span class='ocrx_word' id='word_1_284' title='bbox 778 1808 922 1852; x_wconf 91' lang='lat' dir='ltr'>circa</span> <span class='ocrx_word' id='word_1_285' title='bbox 946 1809 1129 1852; x_wconf 90' lang='lat' dir='ltr'>Polum</span> <span class='ocrx_word' id='word_1_286' title='bbox 1158 1808 1637 1866; x_wconf 89' lang='lat' dir='ltr'>(quemadmodum</span> <span class='ocrx_word' id='word_1_287' title='bbox 1664 1809 1705 1851; x_wconf 78' lang='lat'>81</span> <span class='ocrx_word' id='word_1_288' title='bbox 1730 1809 1862 1852; x_wconf 90' lang='lat' dir='ltr'>Vrsa</span> <span class='ocrx_word' id='word_1_289' title='bbox 1887 1809 2079 1867; x_wconf 91' lang='lat' dir='ltr'>maior)</span> <span class='ocrx_word' id='word_1_290' title='bbox 2107 1809 2438 1863; x_wconf 87' lang='lat' dir='ltr'>conspicitur.</span> <span class='ocrx_word' id='word_1_291' title='bbox 2468 1809 2550 1851; x_wconf 90' lang='lat' dir='ltr'>An</span> 
     </span>
     <span class='ocr_line' id='line_1_33' title="bbox 343 1868 2553 1923; baseline -0 -12"><span class='ocrx_word' id='word_1_292' title='bbox 343 1871 524 1911; x_wconf 91' lang='lat' dir='ltr'>autem</span> <span class='ocrx_word' id='word_1_293' title='bbox 543 1868 759 1912; x_wconf 91' lang='lat' dir='ltr'>ulterius</span> <span class='ocrx_word' id='word_1_294' title='bbox 779 1868 852 1911; x_wconf 92' lang='lat' dir='ltr'>ita</span> <span class='ocrx_word' id='word_1_295' title='bbox 871 1868 1159 1912; x_wconf 91' lang='lat' dir='ltr'>immobilis</span> <span class='ocrx_word' id='word_1_296' title='bbox 1178 1868 1525 1923; x_wconf 89' lang='lat' dir='ltr'>permansura</span> <span class='ocrx_word' id='word_1_297' title='bbox 1545 1869 1618 1920; x_wconf 86' lang='lat' dir='ltr'>fit,</span> <span class='ocrx_word' id='word_1_298' title='bbox 1641 1869 1682 1911; x_wconf 74' lang='grc' dir='ltr'>ἃ</span> <span class='ocrx_word' id='word_1_299' title='bbox 1703 1868 1975 1923; x_wconf 91' lang='lat' dir='ltr'>quamdiu,</span> <span class='ocrx_word' id='word_1_300' title='bbox 1997 1880 2171 1923; x_wconf 91' lang='lat' dir='ltr'>anque</span> <span class='ocrx_word' id='word_1_301' title='bbox 2188 1869 2367 1912; x_wconf 92' lang='lat' dir='ltr'>locum</span> <span class='ocrx_word' id='word_1_302' title='bbox 2385 1871 2553 1911; x_wconf 91' lang='lat' dir='ltr'>muta-</span> 
     </span>
     <span class='ocr_line' id='line_1_34' title="bbox 340 1927 2282 1983; baseline 0.001 -13"><span class='ocrx_word' id='word_1_303' title='bbox 340 1931 462 1971; x_wconf 88' lang='lat' dir='ltr'>tura</span> <span class='ocrx_word' id='word_1_304' title='bbox 481 1928 523 1970; x_wconf 81' lang='lat'>&amp;</span> <span class='ocrx_word' id='word_1_305' title='bbox 541 1927 681 1971; x_wconf 93' lang='lat' dir='ltr'>illinc</span> <span class='ocrx_word' id='word_1_306' title='bbox 701 1927 1046 1983; x_wconf 86' lang='lat' dir='ltr'>progressura,</span> <span class='ocrx_word' id='word_1_307' title='bbox 1068 1927 1477 1971; x_wconf 83' lang='lat' dir='ltr'>obseruationes</span> <span class='ocrx_word' id='word_1_308' title='bbox 1498 1928 1748 1983; x_wconf 92' lang='lat' dir='ltr'>deinceps</span> <span class='ocrx_word' id='word_1_309' title='bbox 1768 1927 1925 1971; x_wconf 76' lang='lat' dir='ltr'>factae</span> <span class='ocrx_word' id='word_1_310' title='bbox 1946 1927 2282 1983; x_wconf 90' lang='lat' dir='ltr'>patefacient.</span> 
     </span>
    </p>

    <p class='ocr_par' dir='ltr' id='par_1_10' title="bbox 340 1986 2553 2517">
     <span class='ocr_line' id='line_1_35' title="bbox 412 1986 2553 2042; baseline -0 -12"><span class='ocrx_word' id='word_1_311' title='bbox 412 1988 589 2040; x_wconf 89' lang='lat' dir='ltr'>Porro,</span> <span class='ocrx_word' id='word_1_312' title='bbox 618 1990 876 2042; x_wconf 91' lang='lat' dir='ltr'>quantum</span> <span class='ocrx_word' id='word_1_313' title='bbox 903 1987 973 2030; x_wconf 92' lang='lat' dir='ltr'>ad</span> <span class='ocrx_word' id='word_1_314' title='bbox 998 1987 1111 2030; x_wconf 91' lang='lat' dir='ltr'>eius</span> <span class='ocrx_word' id='word_1_315' title='bbox 1136 1987 1571 2042; x_wconf 89' lang='lat' dir='ltr'>magnitudinem,</span> <span class='ocrx_word' id='word_1_316' title='bbox 1598 1989 1803 2030; x_wconf 90' lang='lat' dir='ltr'>nullum</span> <span class='ocrx_word' id='word_1_317' title='bbox 1826 1987 2093 2042; x_wconf 89' lang='lat' dir='ltr'>peculiare</span> <span class='ocrx_word' id='word_1_318' title='bbox 2114 1987 2395 2031; x_wconf 87' lang='lat' dir='ltr'>discrimen</span> <span class='ocrx_word' id='word_1_319' title='bbox 2413 1986 2553 2030; x_wconf 91' lang='lat' dir='ltr'>inue-</span> 
     </span>
     <span class='ocr_line' id='line_1_36' title="bbox 340 2046 2553 2102; baseline -0 -13"><span class='ocrx_word' id='word_1_320' title='bbox 340 2047 453 2090; x_wconf 90' lang='lat' dir='ltr'>nire</span> <span class='ocrx_word' id='word_1_321' title='bbox 478 2046 703 2102; x_wconf 85' lang='lat' dir='ltr'>possum3</span> <span class='ocrx_word' id='word_1_322' title='bbox 731 2047 854 2090; x_wconf 92' lang='lat' dir='ltr'>licet</span> <span class='ocrx_word' id='word_1_323' title='bbox 880 2047 1193 2101; x_wconf 85' lang='lat' dir='ltr'>quibusdam</span> <span class='ocrx_word' id='word_1_324' title='bbox 1219 2058 1359 2090; x_wconf 92' lang='lat' dir='ltr'>nunc</span> <span class='ocrx_word' id='word_1_325' title='bbox 1386 2047 1547 2102; x_wconf 87' lang='lat' dir='ltr'>paulo</span> <span class='ocrx_word' id='word_1_326' title='bbox 1574 2047 1750 2091; x_wconf 89' lang='lat' dir='ltr'>minor</span> <span class='ocrx_word' id='word_1_327' title='bbox 1772 2047 1871 2091; x_wconf 86' lang='lat' dir='ltr'>esse</span> <span class='ocrx_word' id='word_1_328' title='bbox 1890 2047 2149 2090; x_wconf 90' lang='lat' dir='ltr'>uideatur.</span> <span class='ocrx_word' id='word_1_329' title='bbox 2178 2047 2281 2090; x_wconf 91' lang='lat' dir='ltr'>Sed</span> <span class='ocrx_word' id='word_1_330' title='bbox 2301 2047 2444 2100; x_wconf 90' lang='lat' dir='ltr'>quod</span> <span class='ocrx_word' id='word_1_331' title='bbox 2465 2046 2553 2089; x_wconf 92' lang='lat' dir='ltr'>ali-</span> 
     </span>
     <span class='ocr_line' id='line_1_37' title="bbox 341 2106 2551 2161; baseline -0 -12"><span class='ocrx_word' id='word_1_332' title='bbox 341 2106 556 2161; x_wconf 90' lang='lat' dir='ltr'>quando</span> <span class='ocrx_word' id='word_1_333' title='bbox 569 2106 781 2150; x_wconf 90' lang='lat' dir='ltr'>fortasse</span> <span class='ocrx_word' id='word_1_334' title='bbox 795 2106 984 2158; x_wconf 89' lang='lat' dir='ltr'>maior,</span> <span class='ocrx_word' id='word_1_335' title='bbox 1000 2118 1386 2161; x_wconf 89' lang='lat' dir='ltr'>nonnunquam</span> <span class='ocrx_word' id='word_1_336' title='bbox 1399 2117 1530 2150; x_wconf 94' lang='lat' dir='ltr'>uero</span> <span class='ocrx_word' id='word_1_337' title='bbox 1546 2106 1720 2150; x_wconf 92' lang='lat' dir='ltr'>minor</span> <span class='ocrx_word' id='word_1_338' title='bbox 1733 2110 2005 2161; x_wconf 92' lang='lat' dir='ltr'>appareat,</span> <span class='ocrx_word' id='word_1_339' title='bbox 2021 2106 2125 2150; x_wconf 90' lang='lat' dir='ltr'>hoc</span> <span class='ocrx_word' id='word_1_340' title='bbox 2139 2106 2207 2150; x_wconf 93' lang='lat' dir='ltr'>ob</span> <span class='ocrx_word' id='word_1_341' title='bbox 2221 2106 2551 2160; x_wconf 92' lang='lat' dir='ltr'>splendorem</span> 
     </span>
     <span class='ocr_line' id='line_1_38' title="bbox 343 2165 2551 2221; baseline 0 -13"><span class='ocrx_word' id='word_1_342' title='bbox 343 2167 526 2218; x_wconf 85' lang='lat' dir='ltr'>Lunae,</span> <span class='ocrx_word' id='word_1_343' title='bbox 547 2165 685 2209; x_wconf 71' lang='lat' dir='ltr'>aeris</span> <span class='ocrx_word' id='word_1_344' title='bbox 698 2166 1032 2218; x_wconf 90' lang='lat' dir='ltr'>uarietatem,</span> <span class='ocrx_word' id='word_1_345' title='bbox 1049 2166 1089 2208; x_wconf 83' lang='lat'>81</span> <span class='ocrx_word' id='word_1_346' title='bbox 1105 2165 1236 2209; x_wconf 88' lang='lat' dir='ltr'>alias</span> <span class='ocrx_word' id='word_1_347' title='bbox 1250 2165 1468 2217; x_wconf 86' lang='lat' dir='ltr'>caussas‚</span> <span class='ocrx_word' id='word_1_348' title='bbox 1486 2165 1789 2221; x_wconf 91' lang='lat' dir='ltr'>contingere</span> <span class='ocrx_word' id='word_1_349' title='bbox 1802 2167 1990 2221; x_wconf 90' lang='lat' dir='ltr'>potest:</span> <span class='ocrx_word' id='word_1_350' title='bbox 2013 2165 2320 2220; x_wconf 81' lang='lat' dir='ltr'>praesertim,</span> <span class='ocrx_word' id='word_1_351' title='bbox 2338 2166 2551 2219; x_wconf 89' lang='lat' dir='ltr'>quando</span> 
     </span>
     <span class='ocr_line' id='line_1_39' title="bbox 341 2225 2553 2280; baseline -0 -12"><span class='ocrx_word' id='word_1_352' title='bbox 341 2225 502 2268; x_wconf 91' lang='lat' dir='ltr'>Stella</span> <span class='ocrx_word' id='word_1_353' title='bbox 514 2226 634 2268; x_wconf 85' lang='lat' dir='ltr'>haec</span> <span class='ocrx_word' id='word_1_354' title='bbox 650 2226 720 2268; x_wconf 89' lang='lat' dir='ltr'>ad</span> <span class='ocrx_word' id='word_1_355' title='bbox 734 2225 1085 2268; x_wconf 90' lang='lat' dir='ltr'>Horizontem</span> <span class='ocrx_word' id='word_1_356' title='bbox 1103 2225 1358 2269; x_wconf 91' lang='lat' dir='ltr'>decliuior</span> <span class='ocrx_word' id='word_1_357' title='bbox 1377 2225 1633 2277; x_wconf 92' lang='lat' dir='ltr'>redditur;</span> <span class='ocrx_word' id='word_1_358' title='bbox 1655 2225 1815 2280; x_wconf 90' lang='lat' dir='ltr'>idque</span> <span class='ocrx_word' id='word_1_359' title='bbox 1835 2226 2096 2269; x_wconf 90' lang='lat' dir='ltr'>matutino</span> <span class='ocrx_word' id='word_1_360' title='bbox 2115 2228 2374 2279; x_wconf 91' lang='lat' dir='ltr'>tempore,</span> <span class='ocrx_word' id='word_1_361' title='bbox 2395 2228 2553 2279; x_wconf 91' lang='lat' dir='ltr'>prout</span> 
     </span>
     <span class='ocr_line' id='line_1_40' title="bbox 341 2284 2551 2339; baseline -0 -12"><span class='ocrx_word' id='word_1_362' title='bbox 341 2284 503 2328; x_wconf 90' lang='lat' dir='ltr'>etiam</span> <span class='ocrx_word' id='word_1_363' title='bbox 524 2285 644 2328; x_wconf 86' lang='lat' dir='ltr'>aliae</span> <span class='ocrx_word' id='word_1_364' title='bbox 664 2284 857 2336; x_wconf 87' lang='lat' dir='ltr'>Stellae,</span> <span class='ocrx_word' id='word_1_365' title='bbox 879 2285 1074 2339; x_wconf 91' lang='lat' dir='ltr'>Solque</span> <span class='ocrx_word' id='word_1_366' title='bbox 1089 2285 1130 2328; x_wconf 80' lang='lat'>&amp;</span> <span class='ocrx_word' id='word_1_367' title='bbox 1145 2285 1296 2328; x_wconf 91' lang='lat' dir='ltr'>Luna</span> <span class='ocrx_word' id='word_1_368' title='bbox 1316 2284 1370 2327; x_wconf 93' lang='lat' dir='ltr'>in</span> <span class='ocrx_word' id='word_1_369' title='bbox 1390 2285 1663 2328; x_wconf 92' lang='lat' dir='ltr'>decliuiori</span> <span class='ocrx_word' id='word_1_370' title='bbox 1683 2286 1778 2328; x_wconf 81' lang='lat' dir='ltr'>situ</span> <span class='ocrx_word' id='word_1_371' title='bbox 1798 2285 2030 2328; x_wconf 89' lang='lat' dir='ltr'>maiores</span> <span class='ocrx_word' id='word_1_372' title='bbox 2051 2287 2324 2339; x_wconf 79' lang='lat' dir='ltr'>apparent.</span> <span class='ocrx_word' id='word_1_373' title='bbox 2346 2284 2551 2327; x_wconf 90' lang='lat' dir='ltr'>ratione</span> 
     </span>
     <span class='ocr_line' id='line_1_41' title="bbox 341 2343 2552 2398; baseline -0.001 -11"><span class='ocrx_word' id='word_1_374' title='bbox 341 2344 743 2388; x_wconf 90' lang='lat' dir='ltr'>exhalationum</span> <span class='ocrx_word' id='word_1_375' title='bbox 763 2345 868 2387; x_wconf 87' lang='lat' dir='ltr'>fiue</span> <span class='ocrx_word' id='word_1_376' title='bbox 888 2355 1153 2398; x_wconf 91' lang='lat' dir='ltr'>uaporum</span> <span class='ocrx_word' id='word_1_377' title='bbox 1172 2344 1225 2387; x_wconf 91' lang='lat' dir='ltr'>in</span> <span class='ocrx_word' id='word_1_378' title='bbox 1246 2347 1370 2387; x_wconf 74' lang='lat' dir='ltr'>aere</span> <span class='ocrx_word' id='word_1_379' title='bbox 1391 2344 1801 2388; x_wconf 88' lang='lat' dir='ltr'>ascendentium.</span> <span class='ocrx_word' id='word_1_380' title='bbox 1829 2345 1997 2388; x_wconf 90' lang='lat' dir='ltr'>Potest</span> <span class='ocrx_word' id='word_1_381' title='bbox 2023 2345 2186 2387; x_wconf 90' lang='lat' dir='ltr'>etiam</span> <span class='ocrx_word' id='word_1_382' title='bbox 2212 2346 2430 2398; x_wconf 90' lang='lat' dir='ltr'>propter</span> <span class='ocrx_word' id='word_1_383' title='bbox 2452 2343 2552 2386; x_wconf 91' lang='lat' dir='ltr'>has</span> 
     </span>
     <span class='ocr_line' id='line_1_42' title="bbox 341 2403 2550 2458; baseline -0 -12"><span class='ocrx_word' id='word_1_384' title='bbox 341 2403 543 2447; x_wconf 86' lang='lat' dir='ltr'>caussas</span> <span class='ocrx_word' id='word_1_385' title='bbox 572 2404 812 2447; x_wconf 92' lang='lat' dir='ltr'>colorem</span> <span class='ocrx_word' id='word_1_386' title='bbox 842 2404 993 2446; x_wconf 91' lang='lat' dir='ltr'>suum</span> <span class='ocrx_word' id='word_1_387' title='bbox 1021 2404 1287 2447; x_wconf 89' lang='lat' dir='ltr'>interdum</span> <span class='ocrx_word' id='word_1_388' title='bbox 1317 2406 1542 2455; x_wconf 91' lang='lat' dir='ltr'>mutare,</span> <span class='ocrx_word' id='word_1_389' title='bbox 1575 2407 1734 2458; x_wconf 91' lang='lat' dir='ltr'>atque</span> <span class='ocrx_word' id='word_1_390' title='bbox 1764 2403 2035 2458; x_wconf 92' lang='lat' dir='ltr'>aliquanto</span> <span class='ocrx_word' id='word_1_391' title='bbox 2062 2403 2358 2446; x_wconf 90' lang='lat' dir='ltr'>rutilantior</span> <span class='ocrx_word' id='word_1_392' title='bbox 2382 2413 2550 2457; x_wconf 91' lang='lat' dir='ltr'>prope</span> 
     </span>
     <span class='ocr_line' id='line_1_43' title="bbox 342 2463 957 2517; baseline 0 -11"><span class='ocrx_word' id='word_1_393' title='bbox 342 2463 692 2506; x_wconf 89' lang='lat' dir='ltr'>Horizontem</span> <span class='ocrx_word' id='word_1_394' title='bbox 713 2463 957 2517; x_wconf 91' lang='lat' dir='ltr'>conspici.</span> 
     </span>
    </p>

    <p class='ocr_par' dir='ltr' id='par_1_11' title="bbox 338 2520 2548 2874">
     <span class='ocr_line' id='line_1_44' title="bbox 411 2520 2548 2576; baseline -0.001 -11"><span class='ocrx_word' id='word_1_395' title='bbox 411 2523 673 2566; x_wconf 87' lang='lat' dir='ltr'>Praeterea</span> <span class='ocrx_word' id='word_1_396' title='bbox 700 2535 770 2565; x_wconf 92' lang='lat' dir='ltr'>an</span> <span class='ocrx_word' id='word_1_397' title='bbox 795 2523 955 2565; x_wconf 90' lang='lat' dir='ltr'>Stella</span> <span class='ocrx_word' id='word_1_398' title='bbox 979 2523 1099 2566; x_wconf 84' lang='lat' dir='ltr'>haec</span> <span class='ocrx_word' id='word_1_399' title='bbox 1127 2523 1186 2565; x_wconf 89' lang='lat' dir='ltr'>fit</span> <span class='ocrx_word' id='word_1_400' title='bbox 1212 2522 1506 2573; x_wconf 91' lang='lat' dir='ltr'>Meteoron,</span> <span class='ocrx_word' id='word_1_401' title='bbox 1534 2523 1575 2565; x_wconf 79' lang='lat'>81</span> <span class='ocrx_word' id='word_1_402' title='bbox 1602 2523 1757 2576; x_wconf 91' lang='lat' dir='ltr'>quale</span> <span class='ocrx_word' id='word_1_403' title='bbox 1782 2521 2125 2573; x_wconf 90' lang='lat' dir='ltr'>nominanda,</span> <span class='ocrx_word' id='word_1_404' title='bbox 2155 2521 2291 2564; x_wconf 90' lang='lat' dir='ltr'>inter</span> <span class='ocrx_word' id='word_1_405' title='bbox 2316 2520 2548 2564; x_wconf 89' lang='lat' dir='ltr'>eruditos</span> 
     </span>
     <span class='ocr_line' id='line_1_45' title="bbox 339 2580 2547 2636; baseline -0.001 -12"><span class='ocrx_word' id='word_1_406' title='bbox 339 2581 506 2625; x_wconf 84' lang='lat' dir='ltr'>uariae</span> <span class='ocrx_word' id='word_1_407' title='bbox 527 2585 680 2625; x_wconf 90' lang='lat' dir='ltr'>erunt</span> <span class='ocrx_word' id='word_1_408' title='bbox 699 2581 988 2636; x_wconf 89' lang='lat' dir='ltr'>opiniones.</span> <span class='ocrx_word' id='word_1_409' title='bbox 1018 2581 1173 2633; x_wconf 91' lang='lat' dir='ltr'>Quod</span> <span class='ocrx_word' id='word_1_410' title='bbox 1196 2584 1375 2625; x_wconf 92' lang='lat' dir='ltr'>autem</span> <span class='ocrx_word' id='word_1_411' title='bbox 1396 2593 1504 2624; x_wconf 91' lang='lat' dir='ltr'>non</span> <span class='ocrx_word' id='word_1_412' title='bbox 1525 2581 1583 2624; x_wconf 88' lang='lat' dir='ltr'>fit</span> <span class='ocrx_word' id='word_1_413' title='bbox 1603 2581 1763 2624; x_wconf 91' lang='lat' dir='ltr'>Stella</span> <span class='ocrx_word' id='word_1_414' title='bbox 1782 2581 1923 2632; x_wconf 84' lang='lat' dir='ltr'>Fixa,</span> <span class='ocrx_word' id='word_1_415' title='bbox 1948 2592 2119 2634; x_wconf 91' lang='lat' dir='ltr'>neque</span> <span class='ocrx_word' id='word_1_416' title='bbox 2138 2581 2366 2631; x_wconf 90' lang='lat' dir='ltr'>Planeta,</span> <span class='ocrx_word' id='word_1_417' title='bbox 2387 2580 2441 2622; x_wconf 91' lang='lat' dir='ltr'>id</span> <span class='ocrx_word' id='word_1_418' title='bbox 2460 2591 2547 2622; x_wconf 94' lang='lat' dir='ltr'>me</span> 
     </span>
     <span class='ocr_line' id='line_1_46' title="bbox 339 2639 2546 2695; baseline 0 -13"><span class='ocrx_word' id='word_1_419' title='bbox 339 2640 527 2692; x_wconf 89' lang='lat' dir='ltr'>iudice,</span> <span class='ocrx_word' id='word_1_420' title='bbox 554 2642 727 2684; x_wconf 90' lang='lat' dir='ltr'>nullus</span> <span class='ocrx_word' id='word_1_421' title='bbox 752 2641 1042 2695; x_wconf 89' lang='lat' dir='ltr'>intelligens</span> <span class='ocrx_word' id='word_1_422' title='bbox 1067 2640 1410 2695; x_wconf 90' lang='lat' dir='ltr'>impugnabit.</span> <span class='ocrx_word' id='word_1_423' title='bbox 1439 2640 1626 2694; x_wconf 90' lang='lat' dir='ltr'>Estque</span> <span class='ocrx_word' id='word_1_424' title='bbox 1650 2640 1770 2683; x_wconf 87' lang='lat' dir='ltr'>haec</span> <span class='ocrx_word' id='word_1_425' title='bbox 1798 2652 1921 2683; x_wconf 91' lang='lat' dir='ltr'>mea</span> <span class='ocrx_word' id='word_1_426' title='bbox 1947 2639 2140 2694; x_wconf 93' lang='lat' dir='ltr'>opinio,</span> <span class='ocrx_word' id='word_1_427' title='bbox 2169 2639 2386 2682; x_wconf 90' lang='lat' dir='ltr'>Stellam</span> <span class='ocrx_word' id='word_1_428' title='bbox 2406 2639 2546 2682; x_wconf 91' lang='lat' dir='ltr'>hanc</span> 
     </span>
     <span class='ocr_line' id='line_1_47' title="bbox 339 2699 2547 2754; baseline -0 -12"><span class='ocrx_word' id='word_1_429' title='bbox 339 2699 466 2742; x_wconf 90' lang='lat' dir='ltr'>nihil</span> <span class='ocrx_word' id='word_1_430' title='bbox 487 2699 629 2742; x_wconf 91' lang='lat' dir='ltr'>aliud</span> <span class='ocrx_word' id='word_1_431' title='bbox 649 2699 764 2749; x_wconf 85' lang='lat' dir='ltr'>eBe,</span> <span class='ocrx_word' id='word_1_432' title='bbox 787 2712 951 2754; x_wconf 92' lang='lat' dir='ltr'>quam</span> <span class='ocrx_word' id='word_1_433' title='bbox 966 2699 1204 2743; x_wconf 86' lang='lat' dir='ltr'>Cometae</span> <span class='ocrx_word' id='word_1_434' title='bbox 1225 2700 1497 2754; x_wconf 91' lang='lat' dir='ltr'>quandam</span> <span class='ocrx_word' id='word_1_435' title='bbox 1520 2699 1763 2753; x_wconf 88' lang='lat' dir='ltr'>speciem,</span> <span class='ocrx_word' id='word_1_436' title='bbox 1785 2702 1843 2742; x_wconf 91' lang='lat' dir='ltr'>ut</span> <span class='ocrx_word' id='word_1_437' title='bbox 1856 2702 1913 2742; x_wconf 92' lang='lat' dir='ltr'>ut</span> <span class='ocrx_word' id='word_1_438' title='bbox 1927 2700 2031 2742; x_wconf 88' lang='lat' dir='ltr'>fine</span> <span class='ocrx_word' id='word_1_439' title='bbox 2046 2710 2207 2742; x_wconf 91' lang='lat' dir='ltr'>coma</span> <span class='ocrx_word' id='word_1_440' title='bbox 2221 2699 2262 2742; x_wconf 78' lang='lat'>81</span> <span class='ocrx_word' id='word_1_441' title='bbox 2276 2699 2445 2742; x_wconf 92' lang='lat' dir='ltr'>barba</span> <span class='ocrx_word' id='word_1_442' title='bbox 2461 2699 2547 2742; x_wconf 89' lang='lat' dir='ltr'>seu</span> 
     </span>
     <span class='ocr_line' id='line_1_48' title="bbox 340 2757 2548 2816; baseline -0.001 -14"><span class='ocrx_word' id='word_1_443' title='bbox 340 2759 513 2802; x_wconf 89' lang='lat' dir='ltr'>cauda</span> <span class='ocrx_word' id='word_1_444' title='bbox 533 2759 609 2816; x_wconf 92' lang='lat' dir='ltr'>(ut</span> <span class='ocrx_word' id='word_1_445' title='bbox 628 2759 844 2814; x_wconf 89' lang='lat' dir='ltr'>uocant)</span> <span class='ocrx_word' id='word_1_446' title='bbox 868 2757 1125 2802; x_wconf 73' lang='lat' dir='ltr'>hactenus</span> <span class='ocrx_word' id='word_1_447' title='bbox 1144 2758 1385 2801; x_wconf 86' lang='lat' dir='ltr'>illuxerit.</span> <span class='ocrx_word' id='word_1_448' title='bbox 1414 2759 1473 2800; x_wconf 89' lang='lat' dir='ltr'>Et</span> <span class='ocrx_word' id='word_1_449' title='bbox 1494 2758 1684 2801; x_wconf 87' lang='lat' dir='ltr'>fimiles</span> <span class='ocrx_word' id='word_1_450' title='bbox 1709 2759 1887 2813; x_wconf 90' lang='lat' dir='ltr'>plures</span> <span class='ocrx_word' id='word_1_451' title='bbox 1915 2762 2072 2801; x_wconf 90' lang='lat' dir='ltr'>antea</span> <span class='ocrx_word' id='word_1_452' title='bbox 2096 2757 2222 2801; x_wconf 86' lang='lat' dir='ltr'>uisae</span> <span class='ocrx_word' id='word_1_453' title='bbox 2245 2758 2373 2809; x_wconf 90' lang='lat' dir='ltr'>sunt,</span> <span class='ocrx_word' id='word_1_454' title='bbox 2402 2758 2548 2800; x_wconf 82' lang='lat' dir='ltr'>sicuti</span> 
     </span>
     <span class='ocr_line' id='line_1_49' title="bbox 338 2817 2544 2874; baseline -0.001 -13"><span class='ocrx_word' id='word_1_455' title='bbox 338 2818 543 2861; x_wconf 86' lang='lat' dir='ltr'>Arabes</span> <span class='ocrx_word' id='word_1_456' title='bbox 563 2819 605 2860; x_wconf 79' lang='lat'>81</span> <span class='ocrx_word' id='word_1_457' title='bbox 626 2818 708 2874; x_wconf 91' lang='lat' dir='ltr'>alij</span> <span class='ocrx_word' id='word_1_458' title='bbox 724 2818 983 2873; x_wconf 84' lang='lat' dir='ltr'>Astrologi</span> <span class='ocrx_word' id='word_1_459' title='bbox 1002 2818 1257 2861; x_wconf 86' lang='lat' dir='ltr'>referunt:</span> <span class='ocrx_word' id='word_1_460' title='bbox 1281 2820 1439 2872; x_wconf 90' lang='lat' dir='ltr'>atque</span> <span class='ocrx_word' id='word_1_461' title='bbox 1458 2817 1758 2860; x_wconf 83' lang='lat' dir='ltr'>huiusmodi</span> <span class='ocrx_word' id='word_1_462' title='bbox 1778 2818 1964 2861; x_wconf 91' lang='lat' dir='ltr'>Stellas</span> <span class='ocrx_word' id='word_1_463' title='bbox 1987 2818 2242 2860; x_wconf 85' lang='lat' dir='ltr'>secundas</span> <span class='ocrx_word' id='word_1_464' title='bbox 2262 2818 2544 2871; x_wconf 90' lang='lat' dir='ltr'>appellant.</span> 
     </span>
    </p>

    <p class='ocr_par' dir='ltr' id='par_1_12' title="bbox 337 2876 2548 3406">
     <span class='ocr_line' id='line_1_50' title="bbox 412 2876 2548 2933; baseline -0 -13"><span class='ocrx_word' id='word_1_465' title='bbox 412 2877 601 2920; x_wconf 92' lang='lat' dir='ltr'>Scribit</span> <span class='ocrx_word' id='word_1_466' title='bbox 626 2878 853 2920; x_wconf 90' lang='lat' dir='ltr'>Ioannes</span> <span class='ocrx_word' id='word_1_467' title='bbox 872 2878 1069 2932; x_wconf 90' lang='lat' dir='ltr'>Anglus</span> <span class='ocrx_word' id='word_1_468' title='bbox 1094 2877 1148 2919; x_wconf 95' lang='lat' dir='ltr'>in</span> <span class='ocrx_word' id='word_1_469' title='bbox 1172 2876 1410 2931; x_wconf 89' lang='lat' dir='ltr'>pluribus</span> <span class='ocrx_word' id='word_1_470' title='bbox 1438 2876 1584 2928; x_wconf 91' lang='lat' dir='ltr'>locis,</span> <span class='ocrx_word' id='word_1_471' title='bbox 1617 2877 1658 2919; x_wconf 84' lang='grc' dir='ltr'>8ι</span> <span class='ocrx_word' id='word_1_472' title='bbox 1687 2888 1753 2920; x_wconf 90' lang='lat' dir='ltr'>ex</span> <span class='ocrx_word' id='word_1_473' title='bbox 1783 2876 1896 2933; x_wconf 90' lang='lat' dir='ltr'>alijs</span> <span class='ocrx_word' id='word_1_474' title='bbox 1921 2877 2222 2931; x_wconf 92' lang='lat' dir='ltr'>Astrologis‚</span> <span class='ocrx_word' id='word_1_475' title='bbox 2254 2877 2397 2930; x_wconf 92' lang='lat' dir='ltr'>quod</span> <span class='ocrx_word' id='word_1_476' title='bbox 2426 2887 2548 2919; x_wconf 93' lang='lat' dir='ltr'>con-</span> 
     </span>
     <span class='ocr_line' id='line_1_51' title="bbox 337 2934 2547 2994; baseline -0 -15"><span class='ocrx_word' id='word_1_477' title='bbox 337 2935 532 2980; x_wconf 74' lang='lat' dir='ltr'>iunctio</span> <span class='ocrx_word' id='word_1_478' title='bbox 557 2937 594 2991; x_wconf 64' lang='grc'>21</span> <span class='ocrx_word' id='word_1_479' title='bbox 619 2948 745 2979; x_wconf 92' lang='lat' dir='ltr'>cum</span> <span class='ocrx_word' id='word_1_480' title='bbox 770 2934 807 2994; x_wconf 70' lang='lat' dir='ltr'>b</span> <span class='ocrx_word' id='word_1_481' title='bbox 822 2968 832 2988; x_wconf 93' lang='lat'><strong><em>‚</em></strong></span> <span class='ocrx_word' id='word_1_482' title='bbox 858 2936 1077 2979; x_wconf 89' lang='lat' dir='ltr'>Stellam</span> <span class='ocrx_word' id='word_1_483' title='bbox 1099 2937 1167 2979; x_wconf 91' lang='lat' dir='ltr'>ad</span> <span class='ocrx_word' id='word_1_484' title='bbox 1188 2937 1413 2979; x_wconf 90' lang='lat' dir='ltr'>modum</span> <span class='ocrx_word' id='word_1_485' title='bbox 1436 2940 1464 2986; x_wconf 74' lang='grc' dir='ltr'>(ζ</span> <span class='ocrx_word' id='word_1_486' title='bbox 1488 2936 1592 2979; x_wconf 85' lang='lat' dir='ltr'>fine</span> <span class='ocrx_word' id='word_1_487' title='bbox 1612 2936 1786 2979; x_wconf 90' lang='lat' dir='ltr'>cauda</span> <span class='ocrx_word' id='word_1_488' title='bbox 1806 2936 1982 2979; x_wconf 88' lang='lat' dir='ltr'>faciat.</span> <span class='ocrx_word' id='word_1_489' title='bbox 2011 2936 2112 2978; x_wconf 91' lang='lat' dir='ltr'>Ista</span> <span class='ocrx_word' id='word_1_490' title='bbox 2133 2947 2344 2990; x_wconf 91' lang='lat' dir='ltr'>quoque</span> <span class='ocrx_word' id='word_1_491' title='bbox 2365 2935 2547 2978; x_wconf 91' lang='lat' dir='ltr'>omnia</span> 
     </span>
     <span class='ocr_line' id='line_1_52' title="bbox 337 2993 2548 3050; baseline -0.001 -12"><span class='ocrx_word' id='word_1_492' title='bbox 337 2996 453 3039; x_wconf 90' lang='lat' dir='ltr'>fieri</span> <span class='ocrx_word' id='word_1_493' title='bbox 472 2995 638 3050; x_wconf 90' lang='lat' dir='ltr'>inquit</span> <span class='ocrx_word' id='word_1_494' title='bbox 657 3007 753 3050; x_wconf 91' lang='lat' dir='ltr'>per</span> <span class='ocrx_word' id='word_1_495' title='bbox 773 2994 1026 3050; x_wconf 74' lang='lat' dir='ltr'>aspectus,</span> <span class='ocrx_word' id='word_1_496' title='bbox 1049 2996 1178 3038; x_wconf 86' lang='lat' dir='ltr'>ficut</span> <span class='ocrx_word' id='word_1_497' title='bbox 1196 3007 1291 3050; x_wconf 92' lang='lat' dir='ltr'>per</span> <span class='ocrx_word' id='word_1_498' title='bbox 1311 2993 1754 3047; x_wconf 65' lang='lat' dir='ltr'>coniunctionem,</span> <span class='ocrx_word' id='word_1_499' title='bbox 1775 2996 1940 3039; x_wconf 91' lang='lat' dir='ltr'>modo</span> <span class='ocrx_word' id='word_1_500' title='bbox 1962 2995 2264 3038; x_wconf 90' lang='lat' dir='ltr'>centraliter</span> <span class='ocrx_word' id='word_1_501' title='bbox 2278 2995 2327 3037; x_wconf 89' lang='lat' dir='ltr'>se</span> <span class='ocrx_word' id='word_1_502' title='bbox 2345 2994 2548 3049; x_wconf 91' lang='lat' dir='ltr'>respici-</span> 
     </span>
     <span class='ocr_line' id='line_1_53' title="bbox 339 3054 2547 3109; baseline -0.001 -11"><span class='ocrx_word' id='word_1_503' title='bbox 339 3058 444 3098; x_wconf 93' lang='lat' dir='ltr'>ant.</span> <span class='ocrx_word' id='word_1_504' title='bbox 474 3055 677 3098; x_wconf 90' lang='lat' dir='ltr'>Deinde</span> <span class='ocrx_word' id='word_1_505' title='bbox 698 3055 841 3108; x_wconf 87' lang='lat' dir='ltr'>quod</span> <span class='ocrx_word' id='word_1_506' title='bbox 859 3055 946 3098; x_wconf 92' lang='lat' dir='ltr'>hic</span> <span class='ocrx_word' id='word_1_507' title='bbox 968 3055 1188 3098; x_wconf 92' lang='lat' dir='ltr'>Cometa</span> <span class='ocrx_word' id='word_1_508' title='bbox 1209 3055 1314 3097; x_wconf 89' lang='lat' dir='ltr'>fiue</span> <span class='ocrx_word' id='word_1_509' title='bbox 1334 3054 1494 3097; x_wconf 91' lang='lat' dir='ltr'>Stella</span> <span class='ocrx_word' id='word_1_510' title='bbox 1515 3054 1758 3106; x_wconf 90' lang='lat' dir='ltr'>secunda,</span> <span class='ocrx_word' id='word_1_511' title='bbox 1786 3066 1895 3098; x_wconf 92' lang='lat' dir='ltr'>non</span> <span class='ocrx_word' id='word_1_512' title='bbox 1920 3055 1973 3097; x_wconf 90' lang='lat' dir='ltr'>in</span> <span class='ocrx_word' id='word_1_513' title='bbox 1993 3054 2217 3109; x_wconf 91' lang='lat' dir='ltr'>Regione</span> <span class='ocrx_word' id='word_1_514' title='bbox 2238 3054 2547 3097; x_wconf 89' lang='lat' dir='ltr'>elementari</span> 
     </span>
     <span class='ocr_line' id='line_1_54' title="bbox 338 3113 2541 3168; baseline -0.001 -11"><span class='ocrx_word' id='word_1_515' title='bbox 338 3114 539 3166; x_wconf 88' lang='lat' dir='ltr'>existat,</span> <span class='ocrx_word' id='word_1_516' title='bbox 568 3114 655 3157; x_wconf 87' lang='lat' dir='ltr'>sed</span> <span class='ocrx_word' id='word_1_517' title='bbox 675 3113 844 3157; x_wconf 91' lang='lat' dir='ltr'>Stellis</span> <span class='ocrx_word' id='word_1_518' title='bbox 869 3114 990 3157; x_wconf 90' lang='lat' dir='ltr'>fixis</span> <span class='ocrx_word' id='word_1_519' title='bbox 1016 3115 1420 3157; x_wconf 90' lang='lat' dir='ltr'>annumeranda</span> <span class='ocrx_word' id='word_1_520' title='bbox 1439 3113 1638 3157; x_wconf 89' lang='lat' dir='ltr'>ueniat:</span> <span class='ocrx_word' id='word_1_521' title='bbox 1669 3125 1735 3157; x_wconf 90' lang='lat' dir='ltr'>ex</span> <span class='ocrx_word' id='word_1_522' title='bbox 1756 3126 1861 3168; x_wconf 93' lang='lat' dir='ltr'>quo</span> <span class='ocrx_word' id='word_1_523' title='bbox 1883 3115 2051 3157; x_wconf 91' lang='lat' dir='ltr'>multo</span> <span class='ocrx_word' id='word_1_524' title='bbox 2073 3113 2228 3156; x_wconf 88' lang='lat' dir='ltr'>altior</span> <span class='ocrx_word' id='word_1_525' title='bbox 2248 3114 2306 3156; x_wconf 84' lang='lat' dir='ltr'>fit</span> <span class='ocrx_word' id='word_1_526' title='bbox 2327 3125 2488 3167; x_wconf 91' lang='lat' dir='ltr'>quam</span> <span class='ocrx_word' id='word_1_527' title='bbox 2514 3118 2541 3163; x_wconf 73' lang='grc' dir='ltr'>(ζ</span> 
     </span>
     <span class='ocr_line' id='line_1_55' title="bbox 337 3171 2546 3228; baseline -0 -12"><span class='ocrx_word' id='word_1_528' title='bbox 337 3174 378 3216; x_wconf 83' lang='grc' dir='ltr'>8ι</span> <span class='ocrx_word' id='word_1_529' title='bbox 398 3174 600 3216; x_wconf 91' lang='lat' dir='ltr'>nullam</span> <span class='ocrx_word' id='word_1_530' title='bbox 620 3172 915 3216; x_wconf 90' lang='lat' dir='ltr'>Parallaxin</span> <span class='ocrx_word' id='word_1_531' title='bbox 935 3173 1147 3224; x_wconf 87' lang='lat' dir='ltr'>efficiat,</span> <span class='ocrx_word' id='word_1_532' title='bbox 1171 3176 1262 3216; x_wconf 88' lang='lat' dir='ltr'>aut</span> <span class='ocrx_word' id='word_1_533' title='bbox 1281 3171 1520 3228; x_wconf 76' lang='lat' dir='ltr'>aspecstus</span> <span class='ocrx_word' id='word_1_534' title='bbox 1540 3173 1896 3216; x_wconf 83' lang='lat' dir='ltr'>diuerfitatem</span> <span class='ocrx_word' id='word_1_535' title='bbox 1917 3174 2174 3225; x_wconf 89' lang='lat' dir='ltr'>causetur,</span> <span class='ocrx_word' id='word_1_536' title='bbox 2201 3173 2546 3227; x_wconf 91' lang='lat' dir='ltr'>quemadmo-</span> 
     </span>
     <span class='ocr_line' id='line_1_56' title="bbox 337 3232 2547 3287; baseline -0.001 -12"><span class='ocrx_word' id='word_1_537' title='bbox 337 3233 467 3276; x_wconf 91' lang='lat' dir='ltr'>dum</span> <span class='ocrx_word' id='word_1_538' title='bbox 493 3238 521 3284; x_wconf 74' lang='grc' dir='ltr'>(ζ</span> <span class='ocrx_word' id='word_1_539' title='bbox 542 3232 687 3285; x_wconf 91' lang='lat' dir='ltr'>facit,</span> <span class='ocrx_word' id='word_1_540' title='bbox 716 3232 887 3287; x_wconf 90' lang='lat' dir='ltr'>colligi</span> <span class='ocrx_word' id='word_1_541' title='bbox 905 3233 1088 3287; x_wconf 91' lang='lat' dir='ltr'>potest.</span> <span class='ocrx_word' id='word_1_542' title='bbox 1118 3233 1178 3275; x_wconf 94' lang='lat' dir='ltr'>Et</span> <span class='ocrx_word' id='word_1_543' title='bbox 1197 3233 1233 3275; x_wconf 86' lang='lat' dir='ltr'><strong>fi</strong></span> <span class='ocrx_word' id='word_1_544' title='bbox 1252 3232 1390 3275; x_wconf 88' lang='lat' dir='ltr'>infra</span> <span class='ocrx_word' id='word_1_545' title='bbox 1413 3237 1441 3283; x_wconf 73' lang='grc' dir='ltr'>(ζ</span> <span class='ocrx_word' id='word_1_546' title='bbox 1463 3232 1745 3286; x_wconf 87' lang='lat' dir='ltr'>Sphaeram</span> <span class='ocrx_word' id='word_1_547' title='bbox 1764 3233 1951 3287; x_wconf 93' lang='lat' dir='ltr'>reponi</span> <span class='ocrx_word' id='word_1_548' title='bbox 1970 3233 2202 3283; x_wconf 90' lang='lat' dir='ltr'>deberet,</span> <span class='ocrx_word' id='word_1_549' title='bbox 2223 3232 2359 3275; x_wconf 91' lang='lat' dir='ltr'>illius</span> <span class='ocrx_word' id='word_1_550' title='bbox 2378 3233 2547 3274; x_wconf 92' lang='lat' dir='ltr'>Paral-</span> 
     </span>
     <span class='ocr_line' id='line_1_57' title="bbox 337 3291 2546 3346; baseline -0 -12"><span class='ocrx_word' id='word_1_551' title='bbox 337 3292 485 3344; x_wconf 90' lang='lat' dir='ltr'>laxis,</span> <span class='ocrx_word' id='word_1_552' title='bbox 521 3293 688 3335; x_wconf 86' lang='lat' dir='ltr'>Lunae</span> <span class='ocrx_word' id='word_1_553' title='bbox 718 3293 945 3343; x_wconf 82' lang='lat' dir='ltr'>multum</span> <span class='ocrx_word' id='word_1_554' title='bbox 974 3295 1305 3346; x_wconf 89' lang='lat' dir='ltr'>exuperaret.</span> <span class='ocrx_word' id='word_1_555' title='bbox 1339 3291 1560 3335; x_wconf 86' lang='lat' dir='ltr'>Accedit</span> <span class='ocrx_word' id='word_1_556' title='bbox 1587 3292 1629 3334; x_wconf 75' lang='grc' dir='ltr'>δι</span> <span class='ocrx_word' id='word_1_557' title='bbox 1658 3291 1779 3344; x_wconf 90' lang='lat' dir='ltr'>hoc,</span> <span class='ocrx_word' id='word_1_558' title='bbox 1814 3293 1957 3346; x_wconf 90' lang='lat' dir='ltr'>quod</span> <span class='ocrx_word' id='word_1_559' title='bbox 1989 3293 2163 3334; x_wconf 91' lang='lat' dir='ltr'>nullus</span> <span class='ocrx_word' id='word_1_560' title='bbox 2191 3291 2244 3334; x_wconf 90' lang='lat' dir='ltr'>in</span> <span class='ocrx_word' id='word_1_561' title='bbox 2274 3302 2338 3334; x_wconf 91' lang='lat' dir='ltr'>eo</span> <span class='ocrx_word' id='word_1_562' title='bbox 2369 3294 2546 3333; x_wconf 92' lang='lat' dir='ltr'>motus</span> 
     </span>
     <span class='ocr_line' id='line_1_58' title="bbox 337 3350 2544 3406; baseline -0.001 -12"><span class='ocrx_word' id='word_1_563' title='bbox 337 3350 594 3394; x_wconf 71' lang='lat' dir='ltr'>hactenus</span> <span class='ocrx_word' id='word_1_564' title='bbox 624 3351 947 3406; x_wconf 85' lang='lat' dir='ltr'>deprehendi</span> <span class='ocrx_word' id='word_1_565' title='bbox 975 3351 1160 3406; x_wconf 90' lang='lat' dir='ltr'>potuit,</span> <span class='ocrx_word' id='word_1_566' title='bbox 1193 3351 1279 3394; x_wconf 92' lang='lat' dir='ltr'>sed</span> <span class='ocrx_word' id='word_1_567' title='bbox 1308 3351 1520 3405; x_wconf 89' lang='lat' dir='ltr'>prorsus</span> <span class='ocrx_word' id='word_1_568' title='bbox 1552 3351 1680 3394; x_wconf 85' lang='lat' dir='ltr'>ficut</span> <span class='ocrx_word' id='word_1_569' title='bbox 1708 3351 1867 3394; x_wconf 92' lang='lat' dir='ltr'>Stella</span> <span class='ocrx_word' id='word_1_570' title='bbox 1898 3350 2021 3394; x_wconf 86' lang='lat' dir='ltr'>Fixa</span> <span class='ocrx_word' id='word_1_571' title='bbox 2051 3363 2175 3394; x_wconf 93' lang='lat' dir='ltr'>cum</span> <span class='ocrx_word' id='word_1_572' title='bbox 2205 3350 2544 3393; x_wconf 90' lang='lat' dir='ltr'>firmamento</span> 
     </span>
    </p>
   </div>
   <div class='ocr_carea' id='block_1_9' title="bbox 2341 3435 2541 3486">
    <p class='ocr_par' dir='ltr' id='par_1_13' title="bbox 2341 3435 2541 3486">
     <span class='ocr_line' id='line_1_59' title="bbox 2341 3435 2541 3486; baseline -0.005 -1"><span class='ocrx_word' id='word_1_573' title='bbox 2341 3435 2541 3486; x_wconf 85' lang='lat' dir='ltr'>saltem</span> 
     </span>
    </p>
   </div>
  </div>
 </body>
</html>
