2976 4264
471 307 540 358 70
973 300 1581 353 ASTRONOMIAE
1608 297 2172 351 INSTAURATAE

469 446 740 511 proferat,
750 452 949 496 tamen
961 442 1158 506 quoad
1171 440 1436 493 exactam
1447 442 1711 493 amussim
1721 440 1850 492 haec
1859 440 2130 492 colurum
2137 436 2668 503 AEquinoc'tiorum,

469 518 773 582 ipsumque
798 523 860 570 V
883 515 1252 578 principium,
1280 511 1537 576 respectu
1563 511 1844 563 Polorum
1864 511 2083 562 Mundi
2107 509 2399 571 nonnihil,
2427 510 2669 562 dimidio

468 588 733 640 videlicet
761 586 943 637 ferme
969 584 1154 648 gradu
1181 584 1498 635 excesserat.
1530 582 1643 634 Sed
1669 582 1767 633 ille
1794 581 2017 646 lingula
2042 597 2166 632 non
2192 580 2516 633 admodum
2544 580 2669 632 sub-

467 659 638 711 tiliter
658 657 996 715 rimabatur,
1017 654 1211 706 latiori
1232 660 1540 705 contentus
1560 653 1852 718 indagine.

539 729 691 791 Quae
713 730 866 779 circa
886 725 1136 789 Eclipses
1158 724 1210 776 &
1231 725 1510 777 Cometas
1530 724 1943 788 praecedenteS,
1971 720 2525 787 coniunctionesque
2546 738 2668 774 ma·
2719 744 2741 778 5

467 807 626 865 gnaS,
660 805 835 862 atque
869 796 1260 861 oppositiones
1292 795 1614 860 fimilesque
1647 795 2026 847 Planetarum
2057 794 2506 855 constitutioneS,
2545 800 2669 845 tan-

468 873 648 936 quam
668 869 784 920 huc
804 868 1080 920 facientia
1100 873 1539 927 commemorat,
1563 866 1796 931 prorsus
1817 882 1854 918 a
1873 868 2118 931 negocio
2139 864 2336 917 aliena
2355 864 2500 916 sunt.
2528 865 2671 916 Non

467 945 626 994 enim
654 940 783 992 haec
814 939 992 991 Stella
1021 938 1275 991 aliarum
1300 940 1359 989 vi
1385 944 1562 1002 atque
1593 940 1830 1002 energia
1854 942 2161 1001 procreata
2187 935 2278 996 est,
2305 941 2409 988 aut
2433 935 2582 987 vllas
2607 938 2671 987 in

468 1012 639 1065 Coelo
660 1010 1123 1076 significationes,
1144 1008 1447 1073 prodromi
1465 1009 1598 1060 loco
1618 1008 1845 1060 habuit:
1868 1008 1932 1059 Id
1954 1010 2111 1059 enim
2130 1007 2171 1058 fi
2187 1006 2317 1059 fieri
2336 1007 2526 1071 posset,
2546 1022 2671 1059 non

465 1084 614 1136 adeo
644 1098 779 1134 rara
809 1083 934 1133 esset
961 1081 1171 1133 talium
1197 1080 1574 1132 ascititiorum
1600 1079 2050 1131 Phaenomenon
2074 1076 2396 1143 productim
2423 1083 2484 1129 vt
2509 1077 2585 1129 ob
2610 1077 2670 1129 id
2723 1100 2766 1135 10

464 1154 701 1219 ipsemet
714 1153 973 1205 Gemma
986 1151 1116 1204 haec
1129 1154 1324 1216 potius
1338 1150 1728 1215 superstitiose,
1742 1166 1925 1215 quarn
1934 1149 2146 1202 vtiliter
2157 1148 2387 1210 adferri,
2402 1148 2667 1201 fateatur.

535 1226 715 1277 Porro
749 1223 954 1276 Ethica
984 1223 1036 1275 &
1064 1222 1320 1288 Phyfica,
1354 1230 1530 1287 atque
1563 1223 1639 1274 ad
1668 1221 2057 1287 Astrologiam
2089 1220 2365 1272 nonnihil
2395 1219 2671 1272 facientia

466 1296 742 1361 quaedam
761 1295 1124 1356 intermiscet,
1153 1309 1288 1358 quae
1309 1301 1618 1358 praetereo;
1646 1293 1910 1345 Demum
1930 1291 2350 1357 Epilogismum
2371 1291 2670 1356 quendam

465 1368 755 1432 subiungit
771 1382 995 1427 eorum,
1017 1381 1153 1430 quae
1167 1369 1229 1417 in
1244 1365 1357 1417 hoc
1372 1365 1571 1417 Sidere
1591 1367 1887 1429 praecipue
1909 1363 2259 1416 admiranda
2278 1362 2511 1424 iudicat,
2533 1378 2669 1427 quae

466 1439 682 1503 septem
702 1438 970 1489 recenset.
2725 1456 2766 1491 15

549 1511 589 1562 I.
611 1508 828 1562 Subito
840 1511 1057 1561 natum
1072 1507 1339 1575 aequalis
1352 1507 1489 1561 fere
1502 1505 1958 1574 magnitudinis
1973 1506 2052 1558 ab
2063 1504 2256 1567 initio,
2271 1505 2331 1557 id
2346 1505 2505 1569 quod
2519 1503 2671 1557 recle

607 1582 804 1641 asserit,
819 1580 952 1632 licet
964 1579 1160 1645 postea
1172 1579 1518 1631 sententiam
1531 1580 1787 1640 mutarit,
1804 1577 1856 1629 &
1870 1578 1972 1629 diu
1986 1584 2162 1629 antea
2171 1576 2345 1638 fuisse,
2360 1576 2670 1641 paulatim-

608 1668 722 1717 que
742 1651 844 1703 sub
865 1648 1236 1716 conspectum
1255 1650 1595 1702 descendisse
1614 1649 1770 1702 hanc
1785 1649 2043 1709 Stellam,
2064 1648 2270 1700 frustra
2290 1650 2564 1713 opinatus
2584 1647 2669 1700 fit:

608 1724 838 1775 Reuera
859 1726 1018 1774 enim
1039 1722 1338 1774 confestim
1352 1721 1404 1773 81
1422 1737 1495 1773 ex
1513 1721 1833 1785 improuiso
1855 1726 1983 1772 orta
2004 1720 2094 1781 est,
2117 1719 2169 1771 &
2189 1722 2575 1784 quantitatem
2595 1719 2669 1772 ab

606 1797 774 1846 initio
794 1797 1120 1846 maximam
1135 1793 1399 1854 obtinuit,
1422 1808 1604 1857 quam
1617 1808 1741 1844 non
1755 1792 2013 1852 adauxit,
2034 1791 2130 1843 sed
2143 1791 2444 1843 successiue
2459 1790 2670 1843 exinde
2720 1812 2766 1846 20

607 1868 920 1918 imminuit.

519 1938 586 1989 ΙΙ.
609 1937 787 2002 Quod
801 1935 1076 1989 lucidum
1090 1935 1350 2003 penitus
1370 1934 1578 1998 fuerit,
1602 1935 1666 1988 ἂ
1681 1934 2020 1988 Stellarum
2034 1948 2212 1987 more
2216 1932 2588 2000 scintillans,
2610 1933 2670 1985 id

608 2012 785 2060 etiarn
805 2024 928 2060 non
949 2015 1112 2060 extra
1131 2023 1257 2059 rem
1277 2009 1644 2072 pronunciat,
1665 2013 1726 2058 vt
1746 2006 1893 2058 alias
1913 2005 2124 2069 saepius
2143 2005 2468 2057 indicatum
2488 2004 2578 2056 est.

493 2081 588 2132 111.
611 2079 789 2144 Quod
814 2081 994 2132 Iocus
1024 2076 1302 2146 respectu
1327 2077 1523 2145 primi
1549 2077 1801 2130 mobilis
1832 2074 2046 2130 exacte
2077 2076 2143 2128 in
2169 2074 2483 2143 principio
2511 2084 2575 2131 V
2602 2074 2668 2127 in

609 2148 890 2204 contactu
916 2149 1201 2204 Galaxiae
1222 2150 1286 2203 df
1304 2145 1563 2218 Co-ssluri
1579 2145 2138 2215 AEquinodtiorum,
2168 2144 2570 2213 distantiaque
2591 2145 2670 2199 ab
2700 2160 2788 2203 556

608 2223 959 2289 AEquatore
981 2222 1052 2274 60
1063 2222 1243 2289 grad.
1265 2220 1480 2274 fuerit:
1509 2221 1661 2272 Haec
1681 2220 1722 2271 fi
1741 2220 1934 2273 latiori
1954 2219 2133 2271 modo
2155 2221 2359 2271 omnia
2378 2220 2667 2283 accipian-

606 2300 715 2354 tur,
742 2293 891 2345 nihil
911 2293 1113 2346 absoni
1133 2292 1368 2354 habent,
1394 2290 1593 2344 exacte
1613 2298 1814 2343 tamen
1835 2291 1939 2355 (vti
1958 2290 2061 2355 ait)
2085 2299 2149 2346 V
2171 2293 2525 2356 principium
2543 2305 2668 2341 non

607 2365 850 2429 respexit
876 2364 1005 2417 haec
1032 2364 1227 2425 Stella,
1257 2364 1353 2416 sed
1381 2363 1564 2415 ferme
1595 2363 1838 2415 dimidio
1864 2362 2048 2427 gradu
2079 2362 2161 2427 (vt
2187 2368 2362 2414 antea
2388 2360 2666 2425 diximus)

606 2436 843 2488 vlterior
873 2442 1010 2488 erat.
1045 2436 1137 2488 Sic
1166 2435 1240 2488 ab
1268 2436 1594 2499 AEquatore
1624 2450 1747 2486 non
1776 2434 2117 2486 adamussim
2145 2449 2249 2499 per
2279 2432 2500 2485 Circuli
2529 2432 2666 2485 Sex-

604 2514 826 2559 tantem
853 2507 1252 2572 elongabatur,
1280 2522 1489 2558 verum
1515 2506 1747 2558 duobus
1767 2521 1918 2570 pene
1938 2505 2096 2570 grad.
2120 2504 2241 2569 (vix
2261 2511 2472 2569 quarta
2491 2506 2667 2556 vnius
2715 2523 2762 2558 30

603 2585 766 2643 parte
788 2578 1128 2642 desiderata)
1150 2580 1430 2630 remotior
1451 2583 1589 2629 erat.

463 2650 585 2702 1111.
607 2650 836 2703 Sedem
858 2647 1037 2715 suam
1069 2652 1195 2702 toto
1226 2647 1574 2702 durationis
1604 2650 1884 2714 tempore
1913 2646 1978 2699 in
2009 2648 2226 2700 eodem
2257 2647 2396 2699 loco
2426 2643 2667 2712 conser-

607 2718 778 2785 uasse,
809 2718 973 2774 redte
1004 2718 1267 2785 testatur.
1303 2721 1396 2772 De
1427 2736 1498 2772 eo
1529 2722 1688 2771 enim
1716 2719 1894 2783 vsque
1924 2718 1999 2770 ad
2028 2718 2302 2770 vltimum
2331 2717 2667 2770 abolitionis

603 2795 938 2853 terminum,
961 2794 1106 2856 quin
1125 2808 1244 2843 vno
1266 2792 1594 2855 eodemque
1614 2797 1898 2855 perpetuo
1918 2789 2148 2842 haeserit
2167 2789 2316 2851 locO,
2337 2789 2572 2841 nullum
2593 2788 2668 2840 est

605 2863 867 2915 dubium.
2716 2879 2762 2914 35

515 2934 583 2986 V.
607 2934 785 2998 Quod
801 2948 920 2986 nec
941 2933 1155 2996 Ste11a,
1183 2948 1387 3000 neque
1407 2931 1726 2986 exhalatio
1747 2931 1871 2985 dici
1888 2930 2075 2999 possit,
2102 2932 2298 2985 muIto
2323 2931 2536 2984 miuus
2560 2931 2666 2985 Co-

604 3007 788 3058 meta.
805 3005 1113 3068 Quantum
1125 3005 1199 3057 ad
1211 3005 1331 3056 duo
1345 3005 1661 3069 posteriora
1672 3007 1890 3064 attinet,
1906 3004 1964 3055 id
1976 3019 2100 3055 non
2111 3019 2264 3068 aegre
2277 3004 2664 3063 concesserim;

606 3076 857 3127 Nullum
878 3079 1038 3127 enim
1057 3076 1274 3128 horum
1295 3083 1433 3136 erat,
1455 3075 1560 3127 nifi
1575 3077 1706 3139 quis
1722 3075 2109 3127 Cometarum
2121 3077 2474 3139 proprietate
2489 3080 2665 3139 atque

603 3147 893 3199 vocabulo
908 3147 1070 3199 abuti
1083 3147 1350 3208 voluerit,
1373 3153 1432 3198 at
1446 3162 1548 3198 cur
1563 3146 1742 3198 Stella
1755 3146 2111 3211 appellanda
2124 3161 2249 3197 non
2262 3145 2341 3206 fit,
2362 3145 2404 3196 fi
2421 3145 2665 3197 Nouam

602 3218 758 3269 fuisse
779 3218 1193 3279 addiderimus,
1214 3233 1597 3282 nequaquam
1616 3217 1812 3278 video;
1834 3217 1965 3269 Fuit
1986 3220 2146 3269 enim
2160 3219 2383 3269 caeteris
2399 3216 2451 3267 8(
2464 3218 2664 3281 genui·
2715 3234 2761 3269 40

603 3292 695 3340 nis
716 3289 906 3341 Stellis
929 3289 1221 3341 fimilima:
1251 3289 1429 3352 Quod
1454 3295 1654 3340 tamen
1680 3304 1805 3339 non
1824 3304 1944 3339 vna
1964 3304 2036 3339 ex
2055 3288 2204 3353 ipfis,
2233 3288 2587 3351 Mundoque
2606 3293 2667 3339 vt

603 3359 700 3412 hae
722 3376 929 3412 coaeua
950 3363 1213 3422 extiterit,
1234 3360 1397 3412 haud
1416 3359 1639 3424 probat,
1663 3358 1857 3410 Stellae
1872 3358 2331 3423 appellationem
2342 3358 2529 3410 sortiri
2541 3373 2667 3480 ngn

2497 3444 2575 3494 ΡΟ
2615 3445 2664 3491 e,
