2976 4264
208 809 230 843 5

187 1117 229 1152 10

654 313 1536 369 PROGYMNASMATUM
1561 313 1877 367 TERTIA
1902 316 2107 370 PARS
2394 319 2484 371 187

282 457 548 529 CAPUT
580 458 978 511 DECIMUM
1012 456 1392 510 DIGGESEI
1425 457 1532 508 EX
1563 457 1893 511 LIBELLO
1930 459 2106 512 EIUS
2138 460 2484 513 ALARUM

379 540 528 594 SEU
555 540 997 594 SCALARUM
1025 539 1830 603 MATHEMATICARUM,
1859 541 2032 605 QUO
2061 543 2166 595 EA
2193 542 2388 607 QUAE

540 623 1038 677 POTISSIMUM
1066 623 1435 677 STELLAM
1461 623 1701 676 HANC
1728 624 2148 687 SPECTANT‚
2176 626 2229 677 &

783 708 889 760 AB
917 707 1086 760 IPSO
1114 707 1222 759 DE
1248 707 1354 759 EA
1379 706 1731 759 PROLATA
1758 707 1986 769 SUNT,

948 790 1816 844 COMPREHENDUNTUR.

350 871 588 923 Qualiter
607 871 824 926 quilibet
839 871 1332 915 Astronomicarum
1354 871 1782 926 supputationum
1801 872 2008 927 penitus
2027 873 2316 928 imperitus,
2339 874 2486 916 dum-

278 931 442 975 modo
461 931 666 986 uulgari
686 931 831 974 sensu
845 931 1093 974 &iudicio
1109 931 1326 974 omnino
1342 931 1561 974 orbatus
1575 943 1683 975 non
1697 932 1770 984 fit,
1791 932 2064 987 perspicue
2078 944 2265 976 eorum
2279 945 2486 976 errores

278 990 573 1034 discernere
592 991 755 1045 possit,
778 991 867 1045 qui
881 991 1099 1034 Stellam
1118 990 1258 1034 hanc
1272 990 1535 1034 insolitam
1555 990 1707 1047 (citra
1722 992 1932 1034 Lunam
1946 991 1999 1034 in
2013 992 2329 1035 Elementari
2344 992 2486 1036 Orbe

279 1050 449 1106 litam)
468 1050 780 1102 existimant,
802 1050 1096 1093 Parallaxin
1118 1050 1285 1093 Lunae
1307 1050 1569 1094 maiorem
1589 1050 1803 1094 habere.

351 1110 599 1164 Regulam
620 1110 824 1153 habeas
844 1109 1074 1164 quinque
1093 1110 1178 1153 uel
1201 1109 1287 1152 sex
1307 1110 1470 1164 pedes
1489 1110 1720 1165 longam,
1746 1122 1813 1154 ex
1832 1110 1970 1166 ligno
1992 1111 2079 1154 seu
2098 1111 2273 1166 potius
2293 1123 2359 1154 ex
2381 1112 2487 1154 Me-

277 1170 404 1213 tallo
424 1169 498 1212 ita
518 1169 853 1221 fabricatam,
874 1172 933 1212 ut
952 1170 1120 1212 latera
1138 1172 1255 1212 tum
1273 1167 1434 1212 recstae
1454 1168 1624 1221 lineae,
1645 1172 1760 1212 tum
1781 1170 1872 1213 fibi
1888 1170 2119 1213 inuicem
2132 1171 2388 1214 Parallela
2402 1183 2487 1214 ex-

279 1227 526 1272 actissime
553 1229 661 1271 lint.
691 1228 771 1271 De
792 1228 1091 1271 Latitudine
1117 1228 1228 1271 eius
1255 1229 1381 1271 nihil
1400 1228 1576 1272 refert.
1605 1229 1680 1272 Sit
1697 1232 1881 1273 tamen
1900 1229 2246 1284 semipedalis
2267 1234 2358 1273 aut
2378 1243 2487 1273 am-

278 1288 428 1343 plior,
448 1290 564 1331 tum
583 1299 713 1332 uero
735 1289 858 1343 palo
881 1288 967 1331 sex
986 1289 1150 1342 pedes
1171 1289 1278 1331 alto
1293 1288 1469 1331 Terrae
1489 1288 1652 1332 infixo
1674 1289 1785 1332 eius
1804 1289 1991 1332 unicus
2007 1290 2264 1333 terminus
2277 1290 2350 1332 ita
2365 1301 2486 1333 con-

278 1346 533 1398 ned’tatur,
561 1350 619 1390 ut
639 1348 846 1402 Regulae
866 1347 1124 1390 terminus
1145 1348 1278 1390 alter
1296 1347 1350 1390 in
1370 1359 1559 1402 gyrum
1579 1349 1935 1403 undequaque
1960 1349 2289 1393 circumduci
2314 1349 2482 1404 possit:

158 1406 246 1449 674
277 1407 318 1449 ἃ
333 1418 458 1451 cum
472 1406 699 1462 experiri
711 1406 857 1458 uelis,
875 1419 944 1450 an
957 1406 1354 1450 Phaenomenon
1368 1405 1388 1466 ΙΙ
1402 1407 1698 1450 Parallaxin
1710 1407 1923 1459 habeat,
1944 1408 2018 1451 ita
2032 1408 2209 1453 facito.
2233 1409 2482 1464 Regulam

180 1712 227 1747 20

179 2010 226 2044 25

134 2604 228 2638 -35

182 2900 229 2934 40

182 3196 229 3231 45

276 1467 449 1521 primo
470 1466 974 1521 perpendiculariter
988 1466 1266 1510 Horizonti
1280 1467 1465 1521 erigas,
1488 1467 1632 1520 quod
1646 1467 1893 1511 facillime
1909 1467 2122 1511 efficere
2135 1468 2349 1523 poteris,
2371 1480 2484 1522 per-

275 1526 556 1581 pendiculo
583 1537 902 1580 quocunque
928 1537 994 1569 ex
1019 1526 1164 1569 tenui
1188 1526 1295 1576 filo,
1325 1526 1366 1568 81
1390 1527 1626 1580 pondere
1653 1527 1888 1581 quolibet
1912 1526 2023 1570 eius
2048 1527 2200 1570 lateri
2222 1527 2479 1571 adhibito:

275 1586 776 1640 Phaenomenonque
803 1585 1058 1640 aspiciens
1082 1585 1326 1629 retroibis
1352 1585 1528 1642 (oculo
1551 1586 1756 1640 semper
1773 1587 1866 1629 tali
1884 1586 2088 1630 ratione
2109 1587 2306 1644 locato)
2330 1590 2388 1630 ut
2412 1587 2482 1642 ip-

278 1646 390 1688 sum
415 1645 812 1689 Phaenomenon
842 1645 956 1689 acie
985 1645 1139 1688 unius
1168 1645 1346 1688 lateris
1374 1643 1470 1699 per
1497 1645 1735 1688 medium
1765 1646 1909 1700 quafi
1939 1646 2188 1690 dissecare
2216 1646 2479 1690 uideatur:

276 1705 650 1760 diligenterque
664 1705 1073 1756 animaduertes,
1096 1717 1165 1747 an
1178 1704 1288 1759 ipsa
1302 1704 1445 1747 acies
1459 1705 1650 1748 eodem
1665 1708 1941 1749 momento
1957 1706 2162 1760 aliquas
2176 1706 2337 1749 etiam
2353 1706 2483 1749 alias

276 1765 410 1808 duas
435 1764 588 1807 Fixas
613 1776 710 1819 per
734 1767 918 1808 centra
943 1764 1231 1807 intersecet.
1261 1764 1320 1807 Id
1347 1767 1527 1807 autern
1553 1776 1649 1818 per
1672 1767 1897 1819 utraque
1922 1766 2129 1820 Regulae
2154 1766 2322 1809 latera
2342 1765 2484 1808 Phae-

275 1835 545 1868 nomenon
574 1824 615 1866 ἃ
644 1824 798 1867 Fixas
827 1824 1241 1878 contemplando
1271 1822 1586 1867 exactissime
1618 1823 1913 1867 discernere
1944 1824 2161 1879 poteris:
2197 1825 2483 1879 Nunquam

276 1883 471 1927 etenim
498 1884 647 1927 fimul
672 1895 768 1938 per
791 1883 1063 1938 utriusque
1093 1883 1271 1926 lateris
1298 1883 1471 1927 aciem
1497 1883 1689 1927 eodem
1715 1887 1991 1927 momento
2017 1884 2154 1939 ipsas
2180 1885 2483 1939 conspicere

274 1943 487 1998 poteris,
515 1943 605 1986 nifi
631 1955 727 1998 per
750 1943 983 1998 ipsorum
1007 1946 1191 1986 centra
1213 1942 1479 1986 uerticalis
1498 1943 1777 1986 transierit:
1808 1946 2006 1998 quanto
2027 1946 2206 1987 autem
2229 1944 2485 1987 remotior

276 2003 463 2046 oculus
478 2015 510 2046 a
525 2003 718 2057 Regula
734 2002 906 2054 fuerit,
926 2005 1076 2046 tanto
1092 2001 1328 2046 exacf'tius
1342 2003 1382 2045 81
1397 2002 1566 2057 magis
1579 2003 1852 2057 perspicue
1866 2014 2053 2046 eorum
2068 2004 2190 2046 litus
2205 2003 2480 2047 discernes.

275 2062 327 2105 Si
351 2074 482 2106 uero
508 2063 679 2106 nullas
704 2062 943 2117 inprimis
969 2062 1366 2105 animaduertas
1394 2062 1484 2105 sub
1513 2062 1705 2105 eodem
1724 2061 1976 2105 Verticali
2002 2062 2101 2106 esse
2124 2074 2249 2105 cum
2269 2063 2484 2106 Phaeno-

238 2144 241 2145 ⁷
275 2133 451 2173 meno,
470 2121 630 2177 uarijs
643 2121 849 2165 uicibus
862 2121 1158 2176 periculum
1173 2121 1352 2164 facere
1366 2121 1584 2176 poteris:
1609 2121 1824 2164 subinde
1838 2122 2032 2165 etenim
2047 2125 2320 2165 mutantur
2332 2122 2484 2165 uerti-

275 2182 434 2233 cales‚
456 2182 498 2224 δι
517 2193 687 2224 nouas
708 2181 902 2224 assidue
922 2192 1047 2224 cum
1066 2181 1176 2236 ipso
1198 2179 1516 2225 connectunt
1535 2181 1738 2224 Stellas.
1761 2182 1895 2224 Cum
1916 2184 2096 2224 autem
2115 2181 2379 2225 inueneris
2397 2181 2484 2224 ali-

276 2252 408 2295 quas
423 2240 735 2284 adamussim
747 2241 821 2283 illi
834 2240 1226 2292 conuenientes,
1242 2240 1357 2283 illas
1372 2240 1644 2295 diligenter
1655 2241 1886 2284 notabis:
1910 2244 2069 2295 atque
2085 2241 2483 2295 quamprimum

276 2300 671 2352 declinauerint‚
694 2301 944 2356 Regulam
962 2300 1137 2343 taliter
1155 2299 1446 2351 inclinabis,
1469 2301 1791 2354 oculumque
1811 2300 1884 2342 ita
1904 2300 2006 2343 hac
2027 2300 2147 2343 illac
2169 2300 2480 2351 dimouebis,

274 2362 332 2402 ut
358 2372 522 2414 quam
547 2358 865 2403 exad'tissime
890 2360 1046 2414 ipsius
1075 2359 1217 2403 acies
1246 2371 1340 2414 per
1365 2359 1612 2402 Fixarum
1640 2359 1871 2402 transeat
1897 2362 2094 2402 centra.
2125 2359 2258 2402 Tum
2286 2371 2416 2403 uero
2447 2360 2482 2402 Ii

275 2419 671 2463 Phaenomenon
705 2419 941 2474 aliquam
971 2419 1217 2462 habuerit
1246 2418 1562 2470 Parallaxin;
1597 2419 1650 2461 in
1681 2419 1789 2473 ipsa
1824 2419 2043 2462 Normae
2076 2419 2191 2461 acie
2222 2430 2330 2461 non
2361 2430 2484 2462 con-

278 2478 534 2533 spicietur,
575 2479 661 2521 sed
692 2478 942 2522 humilius
975 2478 1359 2532 Horizontique
1390 2478 1750 2532 propinquius.
1784 2478 1851 2520 At
1881 2481 1939 2520 ut
1971 2477 2375 2521 manifestissime
2407 2478 2482 2521 rei

276 2537 557 2581 ueritatem
584 2539 888 2593 cognoscas,
918 2538 1005 2581 sex
1031 2541 1122 2580 aut
1149 2538 1347 2592 septem
1372 2537 1534 2579 horas
1558 2537 1671 2591 post
1693 2537 1924 2591 primam
1944 2536 2209 2580 uerticalis
2230 2537 2484 2579 Obserua-

276 2596 478 2640 tionem
504 2597 730 2651 experiri
755 2597 952 2652 poteris
977 2596 1243 2653 (adhibitis
1270 2597 1339 2639 ad
1365 2596 1501 2650 ipsas
1522 2596 1674 2639 Fixas
1696 2597 1902 2650 Regulae
1923 2596 2157 2653 aciebus)
2181 2608 2250 2638 an
2271 2596 2486 2639 Phaeno-

277 2667 474 2699 menon
494 2655 679 2699 exacte
699 2668 823 2699 cum
844 2656 918 2699 eis
939 2655 1238 2707 conueniat,
1261 2668 1330 2698 an
1348 2666 1479 2698 uero
1500 2655 1568 2697 ab
1590 2655 1664 2698 eis
1685 2655 1925 2698 declinet.
1948 2655 2001 2697 Si
2019 2655 2145 2697 nihil
2166 2655 2378 2698 differat
2398 2655 2484 2698 sed

278 2713 639 2770 perfectissime
658 2718 774 2758 tum
794 2715 957 2758 etiam
978 2715 1263 2758 conuenire
1283 2714 1541 2765 uideatur,
1564 2714 1766 2756 nullum
1788 2714 2005 2757 omnino
2026 2714 2321 2756 Parallaxin
2342 2715 2485 2757 senfi-

278 2774 439 2818 bilem
458 2774 641 2818 habet:
664 2774 718 2817 Si
737 2778 917 2817 autem
938 2775 1005 2817 ab
1026 2774 1136 2828 ipsa
1156 2774 1404 2825 discedat,
1425 2773 1721 2816 Parallaxin
1739 2773 1940 2816 habere
1958 2776 2163 2816 certum
2181 2774 2269 2816 est.
2291 2772 2484 2816 Exaote

278 2836 460 2876 autem
481 2837 680 2887 quanta
698 2834 770 2885 fit,
792 2833 971 2888 priora
984 2833 1319 2876 Problemata
1334 2832 1615 2875 docebunt.
1641 2832 1757 2875 Hac
1772 2832 1976 2875 ratione
1990 2832 2229 2887 plurimis
2243 2831 2483 2876 noctibus

278 2893 631 2936 animaduerti
649 2893 1046 2936 Phaenomenon
1070 2887 1204 2934 istud
1230 2891 1486 2942 mirabile,
1514 2891 1567 2934 in
1591 2904 1699 2934 una
1726 2903 1984 2946 apparere
2007 2890 2151 2935 recsta
2176 2892 2330 2944 linea,
2360 2904 2483 2935 cum

278 2964 342 2995 ea
362 2952 593 3003 Stellula,
622 2964 743 3006 quae
763 2951 816 2994 in
835 2963 971 3006 genu
992 2951 1291 3005 Cassiopeae‚
1314 2950 1355 2992 ἃ
1376 2951 1543 2993 altera
1564 2962 1684 3004 quae
1705 2950 1758 2993 in
1777 2951 1941 2994 latere
1962 2951 2149 2995 dextro
2171 2951 2365 3006 Cephei
2392 2951 2481 2994 sub

278 3011 493 3066 Cingulo
520 3011 607 3054 est.
635 3011 768 3054 Tum
792 3011 954 3054 etiam
980 3009 1254 3054 redtissime
1280 3021 1406 3053 cum
1433 3021 1513 3061 ea,
1541 3022 1662 3063 quae
1682 3010 1736 3052 in
1756 3009 1901 3053 Coxa
1922 3010 2220 3065 Cassiopeae‚
2249 3010 2290 3052 81
2316 3011 2483 3054 altera

277 3070 330 3113 in
348 3070 575 3114 humero
596 3069 790 3125 Cephei
811 3070 1024 3113 sinistro.
1054 3069 1238 3124 Neque
1258 3069 1325 3112 ab
1347 3069 1543 3111 eisdem
1562 3067 1732 3120 rectis,
1763 3069 1849 3112 seu
1876 3069 2238 3113 maximorum
2265 3070 2484 3114 circulo-

277 3141 398 3172 rum
424 3129 878 3184 circumferentijS‚
907 3129 1105 3184 digredi
1124 3129 1519 3171 Phaenomenon
1543 3130 1656 3171 tota
1682 3127 1851 3180 nodie,
1879 3128 1984 3172 hoc
2011 3128 2261 3172 Februari
2288 3129 2481 3180 Mense,

278 3189 704 3232 animaduertere
740 3192 1001 3243 poteram,
1042 3188 1148 3231 suae
1180 3187 1569 3231 Semidiametri
1602 3187 1936 3231 solummodo
1969 3188 2292 3232 Latitudine:
2331 3188 2483 3232 Vnde

276 3248 534 3292 uerissime
554 3248 727 3303 colligi
746 3247 928 3302 potest,
950 3247 1060 3291 eius
1080 3247 1378 3290 maximam
1397 3247 1501 3290 hoc
1521 3249 1763 3301 tempore
1782 3247 2077 3290 Parallaxin
2098 3247 2203 3291 duo
2225 3248 2483 3291 minutula

280 3307 533 3362 attingere
553 3318 661 3350 non
680 3307 835 3362 posse.

349 3366 511 3410 Aliter
531 3367 693 3410 etiam
714 3367 822 3410 solo
841 3366 953 3409 uisu
974 3366 1174 3419 absque
1190 3365 1539 3408 Instrumento
1559 3366 1683 3416 ullo,
1707 3365 1922 3419 quilibet
1941 3366 2044 3409 hac
2063 3369 2176 3409 arte
2190 3365 2483 3409 discernere

421 3462 488 3497 24*
2273 3453 2483 3515 poterit
