2976 4264
249 1076 292 1111 10

250 1433 292 1467 15

221 1567 308 1611 517

244 2145 291 2180 25

248 2857 295 2891 35

250 3213 297 3248 40

712 278 1592 335 PROGYMNASMATUM
1619 282 1933 335 TERTIA
1959 282 2162 335 PARS
2484 284 2540 335 31

339 420 770 485 interponenda
794 420 957 474 foret.
989 422 1058 474 Et
1083 422 1124 474 fi
1149 422 1345 476 adhuc
1371 424 1546 477 altius
1571 425 1647 477 ad
1672 425 1794 486 200,
1826 424 2103 490 (exempli
2132 423 2328 488 causa)
2359 424 2539 476 Semi-

340 492 673 553 diametrOS‚
696 508 815 557 quo
835 492 1001 545 suam
1014 494 1392 547 Parallaxeos
1405 494 1700 548 Tabulam
1715 496 2085 580 postmodum
2099 495 2354 556 deduxit,
2375 494 2540 547 Phae-

340 578 645 615 nomenon
664 563 978 626 attollatur,
999 565 1398 618 Parallaxium
1418 567 1724 619 discrimen
1736 570 1836 619 vix
1854 567 2075 620 sextam
2087 574 2232 632 part.
2246 570 2421 618 vnius
2434 570 2540 618 mi-

340 636 467 686 nuti
500 634 768 699 explebit,
802 651 938 700 quae
970 636 1202 701 prorsus
1234 637 1310 689 est
1340 637 1695 690 insenfibih‘S.
1729 639 1824 690 Ad
1857 638 2166 704 Sphaeram
2194 653 2335 690 vero
2364 638 2541 703 vsque

340 703 609 757 Solarem
619 705 987 759 ascendendo
1000 704 1059 773 ll.
1072 708 1528 762 Stantummodo
1540 709 1869 761 differentia
1878 709 2286 770 infinuabitur;
2301 710 2541 773 Nequa-

340 791 523 840 quam
532 779 705 842 igitur
714 777 847 830 satis
859 778 1158 830 euidentia
1169 779 1500 832 dedomena
1510 781 1753 833 adduxit
1763 780 2118 842 ThaddaeuS,
2130 796 2238 845 pro
2249 780 2543 832 asserenda

339 846 717 900 Parallaxeos
748 851 812 901 in
843 848 956 901 hac
985 849 1164 902 Stella
1193 850 1556 903 destitutione
1586 852 1947 904 omnimoda.
1981 852 2144 915 Quin
2174 854 2351 904 etiam
2382 851 2541 914 Qua-

340 918 546 971 drante
566 918 769 984 aliquo
785 919 917 972 vsus
938 920 1028 981 est,
1050 924 1152 985 qui
1171 921 1373 974 saltem
1393 925 1577 987 quina
1595 922 1827 974 seorfim
1847 922 2158 975 exhibebat
2176 922 2462 986 scrupula,
2483 929 2543 973 vt

339 995 496 1053 patet
515 989 670 1051 hinc,
692 991 853 1055 quod
868 990 920 1042 &
933 991 1326 1045 Altitudinem
1340 993 1534 1046 Stellae
1554 996 1865 1046 minimam
1879 994 2029 1046 vltra
2042 994 2256 1059 gradus
2270 996 2540 1058 integrm,

339 1062 571 1113 minuta
595 1061 828 1126 prorsus
854 1063 926 1123 15,
955 1062 1008 1114 &
1033 1066 1096 1116 in
1120 1063 1375 1116 secunda
1393 1064 1719 1117 Altitudine
1745 1065 1980 1129 praecise
2001 1065 2070 1116 22
2089 1065 2303 1130 gradus
2326 1064 2541 1129 absque

340 1130 471 1183 vllis
490 1134 750 1193 minutiS,
771 1133 1014 1186 Stellam
1033 1150 1174 1186 vero
1195 1135 1498 1187 assumtam
1519 1135 1837 1201 Cassiopeae
1856 1143 2068 1201 praeter
2086 1136 2300 1201 gradus
2320 1134 2541 1200 appoli-

339 1208 446 1263 tos,
467 1205 699 1256 minuta
716 1204 786 1257 45
806 1203 1062 1257 habuisse
1082 1205 1517 1271 praesupponat;
1538 1209 1621 1258 ita
1638 1214 1699 1258 vt
1718 1223 2028 1271 nunquam
2044 1210 2333 1258 maiorem
2347 1209 2543 1271 quinis

340 1275 583 1326 minutis
607 1275 1011 1339 praecifionem
1036 1276 1329 1338 adhibeat,
1357 1277 1515 1342 quod
1541 1277 1759 1329 indicio
1780 1278 1855 1330 est
1875 1294 2014 1330 eum
2034 1277 2378 1341 Quadrante
2399 1293 2542 1342 quo-

341 1344 480 1396 dam
487 1345 654 1397 vsum
663 1345 837 1407 fuisse,
847 1350 950 1411 qui
959 1351 1249 1400 maiorem
1256 1348 1661 1400 subdiuifionis
1669 1349 1959 1414 graduum
1966 1349 2351 1409 subtilitatem,
2362 1364 2543 1413 quam

342 1415 417 1467 est
430 1418 755 1480 quinorum
767 1417 1175 1483 scrupulorum
1188 1435 1312 1471 non
1327 1418 1677 1480 exhibuerit;
1698 1420 1950 1484 ideoque
1966 1421 2036 1472 de
2050 1419 2300 1484 finguIiS,
2322 1435 2541 1484 nequa-

341 1502 523 1551 quam
543 1495 733 1540 certus
754 1490 857 1541 esse
877 1493 1082 1554 potuit,
1104 1491 1326 1542 nedum
1345 1497 1404 1542 vt
1424 1490 1750 1555 aliquotam
1768 1494 1980 1543 minuti
1999 1498 2226 1555 partem
2247 1490 2349 1542 illo
2369 1493 2541 1542 inter-

339 1558 636 1612 mediante
648 1555 1022 1628 ri-ssmaretur.
1040 1561 1359 1624 Quomodo
1371 1564 1543 1627 igitur
1555 1562 1752 1626 quaeso
1763 1565 1826 1614 in
1836 1562 2090 1614 secunda
2101 1561 2540 1622 obseruatione,

339 1636 400 1681 vt
419 1629 627 1682 demus
647 1634 902 1696 primam
921 1630 1072 1685 recte
1092 1632 1147 1684 se
1168 1632 1439 1694 habuisse‚
1461 1633 1611 1685 adeo
1625 1633 1904 1685 indubius
1919 1634 2022 1685 esse
2036 1639 2278 1697 poterat,
2301 1632 2542 1685 Stellam

339 1701 575 1765 praecise
602 1702 834 1755 duobus
859 1703 1134 1768 gradibus
1161 1704 1456 1756 eleuatam
1486 1703 1660 1765 fuisse‚
1693 1703 1859 1755 nullo
1888 1704 2208 1756 desiderato
2236 1702 2542 1768 scrupulo?

339 1772 517 1824 Posset
543 1775 702 1825 enim
728 1774 943 1838 aliquis
967 1774 1199 1835 inferre,
1226 1790 1345 1826 vno
1371 1774 1467 1826 vel
1491 1775 1676 1827 altero
1702 1778 1932 1827 minuto
1958 1775 2114 1827 fuisse
2138 1781 2278 1826 tunc
2302 1774 2542 1827 Stellam

340 1842 738 1905 decliuiorem,
768 1845 1074 1910 ipsumque
1105 1846 1179 1898 ob
1207 1846 1575 1898 Instrumenti
1602 1848 1955 1910 paruitatem
1982 1846 2042 1898 id
2072 1845 2392 1897 discernere
2419 1861 2543 1896 non

339 1916 593 1979 potuisse.
621 1916 692 1968 Et
717 1915 854 1968 sane
874 1916 916 1968 fi
934 1917 1030 1968 vel
1048 1919 1222 1969 vnico
1248 1919 1478 1969 minuto
1499 1916 1881 1969 humiliorem
1900 1916 2324 1968 reddiderimus
2344 1916 2541 1967 secun-

340 1986 480 2038 dam
498 1986 911 2048 Altitudinem;
939 1987 1118 2040 Stella
1143 1988 1325 2040 Noua
1351 2003 1475 2040 non
1499 1987 1700 2039 saltem
1726 1991 1789 2039 in
1815 1987 2076 2040 altissimo
2097 1986 2355 2048 AEthere,
2383 1988 2542 2051 quod

339 2057 590 2121 probare
615 2059 862 2111 intendit
886 2058 1242 2120 Thaddaeus,
1269 2059 1469 2111 locum
1494 2058 1757 2111 obtinere
1785 2074 1909 2111 non
1933 2058 2272 2118 merebitur;
2301 2058 2414 2110 Sed
2439 2058 2541 2110 ali-

340 2129 697 2193 quantulum
722 2129 918 2182 adhuc
943 2129 1098 2183 infra
1116 2131 1352 2183 Lunam
1372 2131 1745 2195 deprimetur
1772 2131 1852 2182 At
1871 2145 1978 2195 pro
1998 2130 2099 2182 isto
2119 2132 2292 2181 vnico
2312 2132 2542 2180 minuto

339 2215 415 2252 ne
442 2200 682 2265 quidem
707 2201 824 2266 ipse
843 2201 1183 2254 Thaddaeus
1208 2200 1389 2253 fidem
1407 2201 1795 2266 spoponderit.
1823 2202 1951 2253 Imo
1978 2217 2051 2253 ex
2076 2201 2198 2265 ipsa
2217 2200 2542 2252 Altitudine

338 2273 605 2333 minima,
636 2288 772 2324 cum
801 2272 1149 2325 Eleuatione
1179 2272 1304 2324 Poli
1326 2272 1643 2324 Viennensi
1671 2279 1816 2337 part.
1842 2273 1928 2325 48
1958 2269 1994 2338 l.
2021 2272 2107 2333 22,
2137 2278 2311 2337 prout
2340 2271 2542 2336 Regio-

338 2349 660 2395 montanus
675 2343 1023 2405 Obseruauit,
1045 2343 1274 2405 collata,
1294 2343 1562 2408 producit
1576 2343 1772 2396 Stellae
1786 2359 1823 2395 a
1836 2343 1980 2395 Polo
1994 2345 2385 2395 remotionem
2398 2349 2541 2407 part.

339 2414 426 2466 28.
441 2411 476 2480 l.
489 2415 539 2467 7.
555 2414 814 2480 Ideoque
826 2415 1303 2467 Declinationem
1317 2417 1443 2467 eius
1457 2421 1601 2479 part.
1614 2414 1685 2466 61.
1701 2412 1718 2480 l
1725 2455 1736 2466 .
1749 2414 1834 2474 53,
1850 2415 2010 2479 quod
2023 2414 2120 2466 sex
2133 2414 2414 2478 scrupulis
2426 2414 2542 2465 De-

342 2485 724 2538 clinationem
744 2486 940 2539 Stellae
959 2502 1164 2538 veram
1183 2485 1567 2538 multifariam
1586 2501 1624 2538 a
1642 2485 1812 2537 nobis
1834 2485 1980 2549 Cap.
2003 2485 2231 2549 Quarto
2250 2484 2302 2536 &
2320 2484 2543 2548 Quinto

342 2557 786 2622 comprobatam
801 2558 1041 2619 excedit,
1056 2564 1116 2609 vt
1130 2572 1206 2609 ne
1221 2557 1461 2622 quidem
1474 2559 1537 2608 in
1552 2559 1748 2621 quinis
1761 2558 2002 2608 minutis
2018 2556 2335 2619 Quadrans
2348 2555 2542 2607 Thad-

342 2627 457 2680 daei
475 2627 609 2683 satis
628 2628 902 2694 praecisus
921 2628 1116 2689 fuerit;
1138 2627 1243 2679 nifi
1261 2627 1409 2680 forte
1429 2630 1492 2679 in
1509 2627 1857 2679 Eleuatione
1872 2627 1998 2679 Poli
2011 2626 2327 2679 Viennenfi
2341 2626 2542 2691 Regio-

341 2702 747 2761 montaniana,
780 2701 814 2753 6
846 2699 1238 2752 defiderentur
1268 2698 1554 2763 scrupula.
1587 2698 1955 2750 Alterutrum
1984 2700 2143 2750 enim
2171 2697 2389 2749 horum
2416 2697 2544 2749 fieri

343 2771 559 2823 necesse
579 2771 670 2824 est.

414 2842 656 2895 Accedit
685 2842 738 2894 ἀ
766 2842 896 2904 hoc,
931 2842 1090 2907 quod
1122 2842 1265 2893 dum
1297 2840 1612 2893 interuallo
1640 2840 1949 2905 Temporis
1981 2843 2043 2892 in
2074 2839 2186 2892 hac
2215 2840 2545 2904 Pragmatia

342 2915 536 2975 vtitur,
566 2914 727 2979 quod
755 2917 855 2965 vix
883 2914 1034 2966 adeo
1063 2912 1299 2978 praecise
1330 2912 1433 2976 (vti
1459 2927 1610 2976 opus
1637 2911 1734 2975 est)
1761 2914 1824 2963 in
1850 2911 2115 2976 aliquota
2139 2913 2351 2962 minuti
2379 2917 2542 2974 parte

345 2983 603 3037 constare
629 2988 833 3051 potuit,
860 2984 1166 3050 Angulum
1186 2998 1424 3048 quoque
1446 2983 1627 3036 OHF
1645 2998 1771 3035 non
1791 2985 1954 3034 omni
1974 2982 2294 3046 suspicione
2320 2980 2542 3040 liberat,

345 3071 464 3120 quo
484 3056 667 3120 paulo
687 3056 855 3109 aliter
873 3055 929 3108 se
948 3055 1219 3115 habente,
1240 3053 1390 3106 nihil
1410 3057 1549 3106 certi
1569 3054 1951 3106 concluditur.

416 3127 778 3180 Existimauit
804 3127 1044 3192 quidem
1068 3125 1424 3186 ThaddaeuS‚
1450 3125 1506 3177 se
1534 3140 1606 3177 ex
1633 3125 1958 3177 Altitudine
1986 3123 2181 3176 Stellae
2209 3123 2542 3186 Cassiopeae‚

346 3213 482 3262 quae
507 3214 759 3251 numero
785 3199 819 3250 4
846 3198 937 3259 est,
957 3197 1265 3262 Temporis
1287 3202 1657 3248 momentum
1682 3195 1815 3248 satis
1841 3194 2076 3260 praecise
2103 3195 2435 3253 assecutum;
2463 3200 2543 3245 at-

344 3275 545 3321 tamen
565 3269 786 3322 etiamfi
804 3269 1125 3322 sublimitas
1146 3270 1272 3319 eius
1293 3267 1616 3327 obseruata,
1637 3269 1746 3319 ita
1731 3283 1794 3318 1n
1808 3266 1930 3331 ipso
1950 3268 2196 3326 minuto,
2217 3268 2298 3316 vti
2319 3267 2468 3324 citat,
2488 3263 2544 3314 se

346 3339 682 3393 exhibuisset
710 3341 893 3405 (quod
919 3355 1023 3404 per
1048 3339 1103 3391 se
1130 3338 1507 3403 ambiguitate
1533 3353 1658 3389 non
1684 3338 1862 3400 caret)
1890 3336 2278 3388 nihilominus
2301 3335 2449 3386 Hor.
2438 3334 2543 3469 ,l107
