2976 4264
660 309 1542 363 PROGYMNASMATUM
1569 310 1884 363 TERTIA
1911 312 2114 364 PARS
2392 315 2496 366 269

286 449 502 511 culum,
531 450 896 504 Dedomenis
917 451 1259 505 Nolthianis
1279 452 1582 517 adaptare:
1611 469 1731 518 quo
1753 470 1840 515 ea,
1869 470 2005 519 quae
2033 455 2224 508 dicere
2246 456 2496 518 volebat,

285 524 579 586 apertiora
609 522 661 574 ἀ
691 538 722 574 e
753 522 1143 576 Geometricis
1172 523 1431 576 fontibus
1461 525 1730 577 deriuata
1756 526 2066 590 prodeant;
2100 527 2387 592 fimulque
2419 528 2496 589 id,

285 594 645 716 ffilcidhmodo
666 594 939 656 diximus,
962 595 1221 647 constare
1241 596 1417 660 possit,
1438 598 1501 647 in
1521 600 1785 649 numeris
1805 597 1936 662 ipfis
1954 596 2051 650 hic
2065 614 2189 650 non
2205 599 2497 663 deliquisse

347 679 383 716 o
407 671 428 716 t
474 667 617 717 ium.

211 753 234 788 5
354 736 877 801 Praesupponentes
898 740 1072 803 igitur
1092 738 1349 790 eundem
1370 738 1650 791 Fidiculae
1670 739 1885 800 locum,
1914 756 2092 805 quem
2113 744 2162 793 is
2182 741 2394 807 allegat
2417 742 2498 806 (vt

282 813 342 858 vt
362 823 498 859 cum
519 807 749 860 Caelesti
768 807 948 860 huius
969 808 1165 861 Stellae
1185 809 1292 861 fitu
1311 825 1437 861 non
1457 810 1726 875 quadret)
1754 812 1806 863 ἀ
1833 812 2084 864 eandem
2109 828 2347 877 quoque
2369 816 2496 865 eius

281 878 697 931 Ascenfionem
723 878 976 941 Rectam,
1005 886 1181 945 atque
1209 880 1568 933 Declinatio-

282 965 437 1011 nem,
478 966 614 1015 quae
647 950 767 1003 duo
805 951 1156 1017 longitudini
1190 951 1242 1003 &
1273 952 1570 1005 latitudini

282 1022 578 1086 assumptae
599 1025 706 1074 rite
727 1022 1024 1088 applicuit,
1045 1023 1271 1075 Arcum
1283 1023 1569 1088 AEquato-

191 1109 234 1144 10
282 1095 361 1144 ris
398 1095 549 1145 inter
579 1099 889 1158 Vtramque
923 1093 1410 1156 obseruationem,
1449 1111 1569 1147 me-

281 1163 449 1288 gium
476 1164 626 1217 Caeli
655 1165 1070 1227 transeuntem,
1100 1165 1214 1219 hac
1239 1166 1364 1232 lege
1391 1182 1568 1220 vena-

320 1251 492 1288 1mur.

354 1307 423 1359 In
455 1307 716 1373 apposita
747 1307 1099 1374 figuratione
1139 1309 1346 1373 (quam
1382 1312 1568 1374 periti,
1620 1313 1622 1316 ’

283 1394 404 1443 quo
424 1379 500 1431 ad
520 1380 1068 1432 denominationem
1087 1380 1372 1441 locorum,
1391 1380 1443 1432 &
1459 1382 1569 1432 Ar-

164 1459 252 1503 756
283 1466 479 1512 cuum,
513 1446 534 1519 ΙΙ
566 1466 670 1516 per
701 1451 757 1503 l'e
789 1451 959 1503 facile
991 1451 1344 1517 intelligunt)
1376 1455 1569 1517 primo

283 1521 713 1575 confiderantes
729 1522 1120 1588 Triangulum
1136 1523 1315 1576 ABC.
1328 1523 1440 1576 Vbi
1457 1524 1568 1576 AC

283 1593 359 1645 est
378 1592 709 1646 differentia
727 1594 1009 1646 Polorum
1029 1594 1378 1647 Horizontis
1399 1594 1451 1646 &
1467 1595 1567 1647 AE-

283 1667 545 1729 quatoris
559 1665 618 1718 P.
633 1665 719 1718 38.
737 1663 772 1731 Ι.
788 1666 862 1727 18,
883 1665 986 1719 BC
1002 1665 1434 1730 Complement.
1450 1666 1567 1718 De-

282 1736 475 1788 clinat.
489 1737 660 1803 Lyrae
674 1737 733 1789 P.
748 1738 821 1790 51.
840 1735 875 1803 Ι.
892 1738 965 1790 19.
981 1738 1161 1789 Latus
1174 1753 1318 1789 vero
1331 1741 1568 1790 tertium

186 1825 233 1860 20
281 1808 389 1859 BA
410 1824 483 1860 ex
504 1808 959 1873 Complemento
973 1808 1317 1861 Altitudinis
1336 1812 1529 1873 primo
1546 1807 1886 1862 Obseruatae
1909 1807 1984 1859 est
2003 1808 2062 1860 P.
2078 1808 2162 1861 48.
2182 1805 2216 1874 l.
2232 1808 2318 1860 25.
2341 1809 2492 1874 Ergo

281 1895 418 1931 cum
437 1882 500 1931 in
520 1877 672 1932 dic'to
686 1879 1010 1946 Triangulo
1031 1880 1288 1932 constent
1308 1883 1513 1933 omnia
1534 1883 1661 1933 eius
1681 1882 1794 1931 tria
1815 1879 2016 1940 latera,
2038 1879 2310 1945 Angulus
2323 1880 2491 1932 ACB

281 1953 540 2016 ignorari
565 1954 769 2016 nequit
788 1952 847 2004 P.
869 1952 954 2004 69.
979 1949 1014 2018 l.
1036 1952 1104 2013 13,
1132 1955 1235 2016 qui
1260 1955 1498 2004 metitur
1517 1953 1743 2004 Arcum
1765 1950 1896 2012 GE,
1924 1950 2316 2003 differentiam
2334 1951 2491 2003 vide-

280 2021 413 2074 licet
431 2022 848 2087 AEquatoriam
868 2023 942 2076 ab
962 2022 1313 2076 Ascenfione
1334 2021 1511 2076 Recta
1530 2024 1702 2089 Lyrae
1722 2025 1887 2074 iuxta
1907 2022 1970 2084 E,
1998 2022 2175 2087 vsque
2196 2025 2259 2074 in
2279 2022 2491 2075 Ascen-

280 2093 503 2146 fionem
523 2093 762 2147 Rectam
780 2094 956 2160 medij
982 2095 1134 2147 Caeli
1153 2111 1337 2160 prope
1357 2095 1431 2148 G.
1453 2095 1673 2148 Addito
1694 2096 1867 2159 igitur
1886 2093 2000 2146 hoc
2021 2109 2162 2146 arcu
2183 2094 2259 2146 ad
2278 2094 2491 2146 Ascen-

185 2183 232 2218 25
281 2164 504 2217 fionem
518 2163 757 2218 Rectam
771 2166 942 2232 Lyrae
962 2166 1440 2231 praesuppofitam
1459 2167 1518 2218 P.
1533 2167 1655 2219 275.
1673 2163 1708 2232 l.
1724 2166 1774 2227 5,
1795 2165 2013 2230 profilit
2026 2165 2298 2218 Ascenfio
2319 2164 2493 2218 Recta

280 2237 456 2302 medij
482 2237 649 2299 Caeli,
676 2238 735 2290 P.
757 2238 878 2290 344.
903 2235 938 2304 Ι.
959 2239 1039 2299 δὲ,
1067 2253 1251 2303 quam
1276 2240 1325 2290 is
1353 2238 1564 2290 eodem
1588 2237 1786 2297 mod0,
1813 2234 2076 2302 neglecta
2100 2237 2302 2289 saltem
2324 2239 2493 2289 tertia

279 2307 535 2373 scrupuli
553 2316 734 2374 parte,
759 2309 1094 2375 defignauit.
1122 2309 1324 2362 Postea
1343 2312 1406 2361 in
1425 2309 1612 2362 altero
1631 2308 1954 2373 Triangulo
1975 2308 2175 2368 ADC,
2204 2311 2490 2372 quoniam

281 2379 477 2431 rursus
503 2380 718 2432 dantur
742 2383 854 2433 tria
878 2380 1066 2433 latera
1083 2381 1212 2442 AC,
1238 2387 1298 2432 vt
1322 2383 1502 2446 priuS,
1530 2380 1582 2432 &
1606 2380 1741 2440 DC,
1771 2382 1948 2431 etiam
1970 2379 2491 2443 Complementum

282 2450 728 2513 DeclinationiS,
748 2459 808 2504 vt
822 2458 1015 2513 antea,
1035 2455 1276 2516 iamque
1291 2452 1408 2503 DA
1424 2451 1945 2516 Complementum
1965 2450 2287 2502 altitudinis
2302 2451 2489 2516 Lyrae,

185 2539 232 2575 30
280 2521 344 2573 fit
362 2522 422 2574 P.
443 2523 528 2575 56.
547 2520 564 2588 Ι
571 2564 581 2574 .
597 2523 653 2575 9:
676 2523 983 2575 Inuenitur
1001 2523 1276 2588 Angulus
1294 2523 1406 2575 AC
1415 2523 1489 2583 D,
1511 2523 1569 2574 P.
1585 2523 1670 2575 82.
1690 2520 1724 2587 Ι.
1740 2523 1790 2574 5.
1809 2519 1867 2587 ll.
1882 2522 1968 2582 48,
1991 2523 2094 2585 qui
2113 2521 2308 2573 rursus
2329 2521 2489 2573 addi-

280 2599 374 2644 tus
393 2594 470 2645 ad
483 2593 898 2646 Ascenfionem
919 2593 1157 2647 Rectam
1177 2595 1364 2660 Lyrae,
1385 2594 1605 2658 praebet
1618 2593 2033 2645 Ascenfionem
2054 2591 2290 2645 Rectam
2309 2593 2486 2658 medij

281 2663 433 2716 Caeli
452 2665 511 2716 P.
532 2665 654 2718 357.
678 2663 696 2731 Ι
702 2706 713 2717 .
732 2665 805 2717 10.
824 2663 841 2731 Ι
847 2663 865 2731 l
871 2706 883 2717 .
898 2666 990 2718 48:
1013 2665 1191 2729 Quod
1211 2669 1365 2717 intra
1383 2680 1577 2729 pauca
1595 2664 1850 2716 secunda
1871 2664 2029 2728 (quae
2051 2666 2099 2715 is
2120 2664 2191 2715 de
2212 2663 2490 2716 industria

280 2735 583 2800 neglexisse
602 2735 854 2800 videtur)
883 2752 1018 2788 cum
1038 2736 1265 2801 Nolthij
1291 2736 1703 2800 supputatione
1724 2735 1989 2799 quadrat.
2018 2734 2236 2798 Quare,
2264 2734 2305 2786 fi
2330 2751 2489 2787 nunc

279 2809 575 2858 minorem
587 2806 1002 2859 Ascenfionem
1016 2805 1254 2859 Rectam
1268 2823 1305 2859 a
1317 2810 1544 2859 maiore
1563 2806 2027 2867 subduxerimuS,
2049 2822 2254 2858 arcum
2266 2806 2488 2870 AEqua-

184 2897 231 2932 35
279 2881 421 2930 toris
450 2878 858 2930 Meridianum
885 2881 1111 2930 interea
1139 2881 1419 2943 temporis
1446 2877 1844 2930 transeuntem
1873 2877 2302 2942 cognoscemuS,
2333 2878 2392 2929 P.
2414 2877 2487 2929 13.

282 2946 317 3015 Ι.
332 2949 382 3001 4.
402 2946 460 3015 ΙΙ.
476 2949 562 3009 28,
585 2965 764 3014 quem
777 2952 827 3001 is
840 2949 990 3001 vltra
1006 2949 1261 3010 GradUS,
1278 2950 1653 3001 Minutorum
1668 2948 1927 3001 absolute
1942 2951 2221 3013 quinque,
2243 2948 2488 3000 dimidio

279 3020 482 3072 saltem
501 3019 772 3085 scrupulo
794 3020 977 3085 (quod
997 3020 1147 3072 nihil
1167 3020 1362 3084 refert)
1383 3023 1674 3073 maiorem
1694 3019 2002 3072 constituit:
2029 3020 2206 3084 idque
2229 3023 2488 3084 primum

281 3094 624 3144 examinare
650 3091 1116 3144 intendebamus.
1145 3092 1323 3144 Nunc
1350 3098 1578 3153 caetera,
1607 3107 1726 3156 quo
1747 3092 1822 3143 ad
1843 3090 2196 3151 Parallaxin,
2223 3091 2362 3142 hinc
2383 3090 2435 3142 &
2456 3107 2487 3142 e

279 3162 705 3227 praesuppofitis
738 3162 1244 3215 obseruationibus
1283 3163 1625 3224 eruendam,
1664 3165 2059 3227 requiruntur,
2098 3169 2486 3227 pertexemus

185 3251 231 3287 40
280 3234 439 3286 Licet
469 3249 612 3286 vero
645 3234 926 3286 Nolthius
957 3249 1082 3286 non
1112 3235 1343 3294 indicet,
1377 3250 1497 3299 qua
1529 3234 2056 3286 Demonstrationis
2086 3232 2375 3285 Methodo
2407 3233 2486 3285 fe-

281 3304 543 3356 cundum
572 3311 745 3357 certae
773 3304 1139 3370 figurationis
1169 3305 1644 3366 delineationem,
1676 3305 1832 3357 hanc
1862 3305 2175 3370 collegerit:
2206 3306 2488 3357 Attamen

280 3391 404 3427 non
424 3375 662 3428 obscure
682 3383 856 3441 patet,
877 3376 1065 3441 ipsum
1085 3379 1250 3429 iuxta
1268 3379 1505 3429 tertium
1518 3376 1829 3429 Problema
1842 3376 2022 3428 libelli
2037 3376 2487 3498 Regiomomacllfi

2455 3461 2485 3497 e
