2976 4264
246 1014 289 1048 10

244 1310 286 1344 15

241 1902 288 1937 25

215 2071 304 2114 523

240 2493 288 2529 35

241 2790 288 2824 40

714 336 1595 391 PROGYMNASMATUM
1622 338 1938 391 TERTIA
1964 339 2168 393 PARS
2478 342 2546 394 37

341 474 522 529 Scrup.
544 474 603 517 29
623 475 735 529 post
756 475 1050 528 Meridiem,
1079 488 1185 531 quo
1205 477 1465 532 Tempore
1492 479 1712 532 planum
1734 478 2011 521 Meridiani
2031 490 2157 522 cum
2183 480 2343 534 plano
2371 480 2546 523 Coluri

339 532 803 587 AEquinod'tiorum
824 548 991 578 unum
1011 539 1163 579 erant
1182 535 1381 580 exacte.
1405 536 1494 580 Sol
1513 547 1643 580 uero
1662 537 1731 579 ad
1747 537 2101 580 Meridianum
2115 538 2466 582 Viennensem
2480 551 2544 583 eo

341 591 437 635 Die
458 593 499 635 81
519 597 794 637 momento
814 594 867 636 in
886 595 944 637 25
965 596 1108 650 grad.
1136 596 1189 638 16
1209 596 1375 650 scrup.
1399 595 1456 652 {5
1476 607 1542 638 ex
1561 595 1998 650 Ephemeridibus
2019 597 2197 652 Stadij.
2220 598 2293 640 Ea
2313 598 2544 642 Altitudo

338 651 435 694 fuit
459 651 513 694 in
539 652 729 695 decliui
751 653 1028 697 Meridiani
1054 658 1221 709 parte,
1247 658 1578 709 uocaturque
1604 655 1841 707 minima,
1870 668 1991 710 quae
2018 655 2254 699 detracta
2279 658 2346 700 ab
2368 658 2546 700 Eleua-

337 710 480 754 tione
511 711 618 754 Poli
642 711 945 756 Viennensis
973 713 1032 756 48
1057 726 1129 769 gr.
1157 714 1216 756 22
1248 714 1415 768 scrup.
1447 713 1692 768 relinquit
1726 714 1784 757 28
1813 715 1958 770 grad.
1989 716 2016 757 7
2046 716 2213 770 scrup.
2247 716 2545 759 distantiam

337 769 584 814 uidelicet
611 771 783 814 Nouae
810 785 842 814 a
867 773 1006 816 Polo.
1039 773 1196 816 Cuius
1222 774 1442 828 duplum
1471 773 1528 816 56
1555 774 1698 828 grad.
1732 773 1785 816 14
1811 774 1978 829 scrup.
2009 774 2248 817 additum
2274 775 2545 818 Altitudini

337 828 591 881 minimae‚
619 830 783 874 efficit
808 830 866 874 76
885 832 1030 886 grad.
1052 832 1110 874 29
1131 833 1298 887 scrup.
1320 832 1662 875 Altitudinem
1689 833 1864 876 Stellae
1890 833 2203 876 maximam.
2233 835 2306 877 Ea
2330 834 2419 877 illo
2448 834 2546 879 Die

338 887 717 933 obseruatione
738 890 1081 945 depraehendi
1095 903 1202 935 non
1216 891 1398 946 potuit.
1423 891 1592 934 Huius
1605 892 1870 935 residuum
1885 893 1954 935 ad
1969 892 2335 944 Quadrantem
2348 893 2546 937 indicat

338 946 635 990 distantiam
661 948 836 992 Stellae
862 962 894 992 a
914 950 1124 993 Vertice
1144 950 1420 994 Viennenfi
1451 950 1503 993 13
1526 951 1671 1005 grad.
1699 951 1753 993 31
1779 951 1945 1006 scrup.
1975 952 2090 994 Iam
2117 952 2298 995 ablata
2323 952 2545 996 minima

338 1006 623 1050 Altitudine
643 1007 818 1051 Stellae
839 1020 905 1051 ex
924 1009 1031 1052 Poli
1052 1010 1370 1061 Eleuatione,
1400 1012 1491 1052 aut
1517 1009 1620 1053 hac
1647 1021 1714 1053 ex
1733 1010 1973 1053 maxima
1993 1010 2293 1063 Altitudine,
2320 1012 2546 1056 residuo·

338 1077 440 1119 que
459 1077 526 1108 ex
547 1066 855 1118 Quadrante
878 1067 1132 1120 detrad'to‚
1160 1069 1335 1123 prodit
1356 1068 1651 1112 Declinatio
1672 1069 1863 1112 Stellae.
1890 1070 1995 1112 Aut
2020 1071 2196 1113 rursus
2222 1070 2444 1113 minima
2463 1072 2545 1113 Al-

335 1123 556 1168 titudine
585 1125 651 1169 de
679 1126 919 1170 maxima
949 1128 1146 1179 demta,
1178 1128 1491 1182 refiduoque
1521 1127 1769 1171 bifariam
1799 1127 1953 1180 secto,
1986 1129 2027 1171 δι
2055 1129 2250 1172 horum
2280 1130 2447 1173 altero
2477 1142 2544 1173 ex

337 1183 644 1235 Quadrante
666 1186 862 1237 ablato,
884 1187 1105 1242 emergit
1124 1186 1419 1230 Declinatio
1440 1185 1579 1229 dic'ta
1598 1187 1843 1230 uidelicet
1862 1191 1994 1242 part.
2011 1187 2083 1230 61.
2108 1188 2233 1231 min.
2249 1189 2322 1231 52.
2346 1190 2544 1232 Eadem

336 1254 548 1297 quoque
579 1243 842 1287 inuenitur
874 1245 1054 1288 addita
1079 1246 1391 1300 AEquatoris
1423 1245 1760 1289 inclinatione
1793 1247 1863 1289 ad
1894 1246 2174 1289 minimam
2201 1247 2543 1291 Altitudinem

336 1301 527 1345 Stellae.
551 1302 648 1346 His
667 1303 892 1347 inuentis
913 1305 954 1347 81
975 1305 1167 1359 posius,
1190 1306 1259 1348 ad
1279 1305 1497 1359 reliqua,
1520 1317 1641 1359 quae
1660 1305 2017 1360 inuestiganda
2036 1306 2421 1361 proposuimus,
2449 1318 2545 1361 per

335 1361 597 1404 uerissima
617 1362 1101 1418 euidentissimaque
1119 1363 1529 1407 Mathematices
1549 1364 1822 1419 principia,
1845 1365 2076 1419 sequenti
2097 1364 2412 1409 deductione
2431 1377 2544 1420 per·

334 1431 624 1464 uememus.

394 1479 508 1523 Esto
534 1480 588 1522 in
614 1479 843 1524 subiecto
870 1481 1258 1537 diagrammate
1277 1483 1447 1526 Arcus
1468 1481 1643 1525 Coluri
1669 1482 2017 1526 Solstitiorum
2037 1483 2224 1526 AEstiui
2247 1483 2463 1535 CAGK,
2490 1484 2544 1526 in

335 1549 439 1592 quo
460 1539 498 1581 C
518 1539 577 1581 s1t
594 1540 748 1582 Polus
768 1540 997 1584 Zodiaci.
1025 1542 1179 1584 Polus
1200 1542 1385 1585 Mundi
1403 1543 1463 1584 A.
1490 1541 1660 1584 Arcus
1681 1541 1948 1596 Eclipticae
1970 1542 2132 1586 GED.
2155 1543 2325 1586 Arcus
2344 1543 2544 1597 AEqua-

336 1598 466 1641 toris
493 1598 612 1641 KD.
639 1598 893 1642 Puncstum
913 1600 1234 1656 AEquinoctij
1257 1601 1418 1644 Verni
1444 1602 1506 1644 D.

336 1657 506 1700 Arcus
532 1658 679 1700 ABD
710 1659 769 1701 fit
793 1659 964 1702 Arcus
995 1659 1274 1704 Meridiani
1302 1661 1507 1712 Circuli‚

337 1716 426 1770 qui
446 1716 696 1760 coincidit
715 1729 840 1761 cum
853 1718 963 1773 ipso
979 1719 1170 1763 Coluro
1186 1719 1511 1774 AEquinod’u‘-

337 1786 508 1819 orum.
530 1777 700 1820 Arcus
718 1777 849 1820 CBE
870 1778 929 1820 fit
942 1778 1112 1822 Arcus
1127 1779 1317 1822 Circuli
1331 1779 1509 1835 Magni

336 1846 404 1878 ex
421 1836 545 1878 Polo
566 1836 782 1879 Zodiaci
802 1835 988 1880 ductus
1007 1849 1102 1892 per
1119 1838 1370 1881 Centrum
1385 1839 1510 1882 Stel-

337 1895 406 1937 1ae
421 1894 474 1946 B,
497 1906 623 1938 cum
639 1907 704 1938 ea
718 1895 839 1939 esset
853 1895 906 1939 in
921 1896 1232 1949 Meridiano,
1254 1909 1381 1941 cum
1399 1898 1510 1953 ipsa

337 1952 562 1997 sectione
594 1954 772 1997 Verna
803 1955 891 1998 seu
923 1956 1116 2000 Coluro
1148 1956 1510 2011 AEquinocstio-

335 2025 472 2056 rum.
495 2013 790 2057 Declinatio
809 2014 985 2058 Stellae
1005 2015 1100 2058 DB
1119 2015 1190 2059 est
1209 2019 1353 2060 nota.
1375 2017 1509 2072 Ergo

337 2071 498 2115 etiam
512 2073 551 2115 B
562 2073 608 2115 Α
620 2076 808 2116 notum
822 2071 831 2132 Ι
858 2073 970 2126 erit,
985 2075 1252 2118 residuum
1263 2075 1511 2120 uidelicet

338 2131 407 2174 ad
421 2131 800 2183 Quadrantem.
859 2133 926 2177 ed
941 2134 982 2176 ἃ
995 2134 1081 2177 AC
1094 2145 1204 2177 non
1220 2134 1507 2190 ignoratur,

337 2189 589 2233 nimirum
615 2191 856 2235 distantia
881 2192 987 2236 Poli
1013 2193 1199 2236 Mundi
1218 2206 1251 2237 a
1269 2195 1394 2238 Polo
1417 2196 1511 2239 Zo-

337 2249 490 2301 diaci,
502 2262 623 2304 quae
633 2254 890 2306 perpetuo
901 2255 1082 2306 aequat
1092 2253 1509 2308 magnitudinem

335 2309 591 2353 maximae
620 2310 998 2354 Declinationis
1027 2311 1161 2355 Solis
1188 2312 1245 2355 23
1275 2313 1420 2368 grad.
1450 2313 1509 2356 28

336 2368 504 2423 scrup.

403 2427 555 2471 Vnde
563 2428 727 2472 etiam
735 2429 1509 2484 ComplementumilliusArcus

336 2486 450 2537 AG,
476 2487 786 2531 mensurans
810 2488 1074 2543 Angulum
1100 2489 1240 2532 BDE
1267 2491 1411 2545 grad.
1433 2490 1506 2534 66.

336 2546 462 2589 min.
483 2546 542 2589 32
561 2547 848 2590 innotescit.
877 2547 1011 2591 Dico
1039 2548 1154 2591 dari
1180 2560 1391 2603 quoque
1411 2551 1453 2593 81
1473 2551 1880 2607 Longitudinem
1900 2553 1942 2596 ἃ
1963 2552 2322 2597 Latitudinem
2348 2554 2539 2607 Stellae,

336 2605 583 2649 uidelicet
602 2606 709 2649 duo
731 2607 927 2650 Latera
946 2607 1039 2650 ED
1061 2608 1102 2650 81
1122 2608 1207 2650 ΕΒ
1225 2608 1488 2664 Trianguli
1506 2611 1663 2653 EBD.

409 2664 675 2716 Quoniam
696 2666 734 2708 C
753 2667 906 2709 Polus
926 2666 997 2710 est
1017 2666 1207 2710 Circuli
1227 2667 1390 2720 GED,
1411 2673 1566 2712 erunt
1584 2669 1919 2722 Quadrantes
1938 2671 2303 2715 maximorum
2317 2673 2543 2716 Circulo-

337 2736 458 2766 rum
479 2724 562 2767 CE
583 2725 624 2767 ἃ
644 2724 752 2776 CG,
774 2725 1006 2768 similiter
1025 2725 1150 2780 quia
1168 2726 1214 2768 A
1234 2726 1305 2770 est
1322 2728 1475 2771 Polus
1495 2728 1686 2772 Circuli
1705 2729 1825 2781 KD,
1852 2733 2005 2773 erunt
2024 2730 2187 2773 etiam
2207 2731 2542 2783 Quadrantes

338 2782 668 2826 Circulorum
681 2784 781 2826 AD
797 2785 838 2827 81
851 2788 896 2826 A
906 2784 967 2827 K.
984 2785 1172 2828 Rursus
1187 2786 1442 2839 quoniam
1452 2788 1622 2832 Arcus
1636 2788 1675 2831 C
1684 2789 1722 2831 E
1733 2789 1915 2832 transit
1928 2801 2024 2844 per
2036 2790 2188 2833 Polos
2201 2789 2357 2844 ipfius
2371 2791 2461 2833 GE
2471 2792 2517 2834 D
2530 2805 2539 2833 :

336 2842 457 2886 ideo
484 2842 625 2885 secat
650 2854 775 2886 eum
800 2843 870 2886 ad
888 2843 1120 2898 Angulos
1147 2843 1331 2888 Rectos
1356 2857 1452 2900 per
1482 2846 1535 2890 17
1553 2847 1707 2903 Tertij
1730 2848 1796 2891 de
1818 2847 2541 2904 TriangulisssRegiomontanL

338 2902 379 2944 &
397 2901 456 2944 20
474 2900 631 2944 Primi
642 2901 932 2958 Theodofij‚
955 2903 997 2945 ἃ
1016 2902 1204 2958 Anguli
1224 2904 1293 2946 ad
1312 2905 1350 2946 E
1370 2908 1524 2948 erunt
1544 2905 1698 2959 Redti,
1721 2907 1763 2950 ἃ
1782 2907 1975 2951 iterum
1995 2907 2118 2962 quia
2139 2908 2286 2951 GED
2307 2909 2542 2952 Circulus

338 2960 607 3004 Maximus
626 2961 768 3004 secat
788 2961 1053 3005 Circulum
1073 2962 1206 3005 CBE
1227 2963 1297 3006 ad
1316 2962 1500 3008 Recstos
1513 2965 1768 3021 Angulos:
1790 2966 1910 3010 ideo
1929 2967 2112 3010 tranfit
2130 2979 2225 3021 per
2242 2968 2395 3011 Polos
2414 2967 2540 3011 eius.

339 3019 615 3063 Habemus
635 3020 789 3076 igitur
805 3020 1144 3076 Triangulum
1166 3021 1541 3078 Recstangulum
1560 3024 1718 3076 BED,
1745 3025 1798 3068 in
1821 3037 1928 3080 quo
1950 3026 2113 3069 Latus
2133 3026 2227 3068 BD
2247 3030 2435 3069 notum
2455 3026 2540 3078 est,

337 3078 589 3122 nimirum
614 3079 909 3123 Declinatio
936 3080 1128 3132 Stellae,
1155 3082 1198 3123 δι
1222 3082 1455 3137 Angulus
1481 3083 1622 3126 BDE
1648 3084 1903 3139 cognitus.
1934 3085 2215 3128 Dabuntur
2241 3085 2420 3139 itaque
2448 3097 2544 3140 per

337 3138 395 3181 34
421 3138 595 3193 quarti
621 3139 1019 3194 Regiomontani
1044 3140 1110 3183 de
1135 3139 1439 3196 Triangulis‚
1468 3145 1561 3185 aut
1578 3142 1606 3186 3
1627 3143 1904 3198 Copernici
1929 3144 2093 3187 etiam
2117 3144 2321 3198 reliqua
2348 3144 2542 3187 Latera

336 3196 583 3241 uidelicet
592 3198 686 3250 ΒΕ,
704 3198 952 3242 Latitudo
964 3198 1139 3242 Stellae
1151 3202 1287 3254 part.
1297 3199 1369 3243 53.
1381 3200 1506 3244 min.
1516 3201 1590 3254 59,
1606 3202 1648 3244 81
1662 3203 1749 3245 ΕΙ)
1766 3202 2062 3258 Longitudo
2077 3203 2309 3247 eiusdem
2321 3203 2395 3246 36.
2406 3207 2539 3258 part.

335 3256 390 3299 41
415 3257 582 3312 scrup.
606 3258 674 3300 ab
695 3255 1036 3312 AEquinocstio
1056 3269 1223 3301 uerno
1244 3259 1415 3303 sumto
1435 3260 1819 3305 numerationis
1837 3262 2000 3313 initio,
2027 3262 2132 3305 hoc
2159 3262 2231 3305 est
2256 3262 2309 3304 in
2328 3262 2371 3305 6.
2394 3263 2538 3317 grad.

335 3315 389 3358 41
415 3316 582 3371 scrup.
604 3317 1020 3373 dodecatemorij
1044 3316 1116 3374 ξς,
1139 3318 1282 3371 quod
1301 3317 1446 3362 initio
1466 3318 1883 3375 inuestigandum
1902 3321 2285 3375 proposuimus.

2473 3464 2541 3515 In
