2976 4264
663 321 1545 375 PROGYMNASMATUM
1571 319 1886 372 TERTIA
1912 321 2116 373 PARS
2391 324 2496 375 299

290 464 460 516 dibus
483 470 766 529 perpetuo
787 464 1222 525 remouebatur,
1248 479 1514 528 vnquam
1535 461 1864 527 conspexit?
1891 462 2041 526 Quis
2061 470 2290 515 motum
2309 464 2495 516 vllum

173 543 260 587 786
291 534 545 587 habuisse
573 550 645 587 ex
671 542 828 587 certa
855 535 1280 588 obseruatione
1306 530 1327 603 ΙΙ
1354 533 1693 587 denotauit?
1723 534 1792 586 Et
1822 536 1925 599 qui
1953 534 2151 599 quaeso
2180 538 2369 587 motio>
2394 536 2503 602 illa

291 605 353 670 (fi
370 622 490 671 qua
508 605 679 670 foret)
701 622 825 658 non
838 606 1040 658 saltem
1054 609 1208 659 intra
1222 606 1511 671 Scrupula
1523 607 1731 670 prima,
1752 605 1847 657 sed
1863 605 1915 657 &
1929 605 2201 658 Secunda
2215 606 2267 657 &
2280 606 2494 668 Tertia,

288 677 456 738 ade0,
482 684 543 729 vt
568 692 644 729 ne
668 680 909 729 vnicum
935 677 1175 741 quidem
1202 693 1275 729 ex
1299 679 1480 742 tertijs
1506 676 2070 741 praetermittendum
2095 676 2259 738 foret,
2286 694 2324 730 a
2350 694 2493 742 quo-

218 766 240 799 5
289 764 488 813 quam,
509 755 568 800 vt
581 755 642 800 vt
662 748 1082 814 diligentissimo
1102 764 1302 801 rerum
1317 748 1652 801 Caelestium
1671 747 2001 809 scrutatore,
2025 751 2203 800 etiam
2219 752 2495 801 maximis

289 819 341 871 &
362 819 797 884 exquisitissimis
811 819 1211 872 Instrumentis
1224 826 1436 881 vtente‚
1458 820 1680 872 nedum
1694 819 1767 871 ab
1786 819 1900 871 hoc
1914 819 2221 884 deceptore
2236 820 2288 872 &
2302 820 2493 872 Astro-

287 893 660 943 nomicarum
687 893 1174 942 exercitationum
1203 893 1450 943 omnino
1479 893 1768 955 imperit0,
1799 890 2043 942 discerni
2067 891 2188 943 vlla
2216 891 2495 944 industria

287 960 495 1027 posset?
519 961 712 1027 Vulgo
739 962 981 1026 quidem
1007 977 1179 1027 aeque
1205 964 1268 1014 in
1293 962 1386 1014 his
1411 962 1559 1023 rudi,
1587 968 1764 1026 atque
1790 964 1839 1013 is
1866 968 2005 1022 erat,
2031 962 2174 1014 talia
2198 961 2345 1014 forte
2364 979 2491 1027 per-

287 1033 539 1094 suaserit,
559 1039 620 1085 vt
638 1033 785 1085 illud
804 1032 1000 1085 futiles
1021 1036 1148 1085 eius
1167 1036 1231 1085 in
1250 1032 1342 1085 his
1363 1033 1701 1085 subtilitates
1714 1048 1837 1097 prae
1852 1032 2074 1085 inscitia
2087 1034 2493 1086 admiraretur.

198 1121 240 1155 ιο
288 1105 367 1156 At
395 1103 866 1170 intelligentibus,
901 1103 1279 1157 Cachinnum
1310 1104 1363 1156 &
1392 1120 1465 1156 ex
1492 1111 1615 1157 tam
1643 1104 2048 1156 inuerecunda
2078 1103 2508 1167 fraudulentia,

289 1176 811 1236 abominationem,
837 1175 1040 1228 saltem
1064 1179 1334 1228 mouerit.
1362 1175 1477 1228 Sed
1496 1178 1716 1227 mirum
1737 1176 1839 1227 esse
1860 1191 1984 1227 non
2004 1175 2188 1236 debet,
2209 1175 2318 1228 fiis
2339 1180 2441 1241 qui
2462 1193 2494 1228 e

289 1248 483 1300 Patria
500 1246 605 1299 sua
620 1246 950 1300 Germania
967 1254 1090 1299 tam
1109 1246 1348 1300 subdole
1370 1246 1422 1298 &
1441 1246 1826 1312 ignominiose
1845 1246 2143 1312 profuguS,
2164 1247 2494 1312 Principem

291 1321 575 1371 eximium
601 1318 674 1371 de
698 1318 754 1370 se
782 1321 1001 1383 optime
1029 1318 1173 1383 (imo
1198 1318 1332 1383 plus
1353 1333 1535 1383 quam
1555 1318 1765 1383 dignus
1786 1317 1931 1381 erat)
1952 1320 2244 1379 meritum,
2271 1318 2492 1383 perfide

290 1390 596 1455 deceperit,
631 1389 970 1442 Caelestibus
1002 1405 1257 1454 quoque,
1290 1405 1427 1454 quae
1459 1405 1584 1441 non
1611 1391 1693 1441 ita
1720 1388 1890 1442 facile
1919 1405 1956 1441 a
1985 1392 2199 1454 quouis
2228 1391 2494 1442 animad-

199 1478 240 1512 15
289 1467 615 1522 uertuntur,
636 1463 918 1513 iniuriam
938 1460 991 1512 &
1009 1460 1280 1513 fraudem
1299 1460 1526 1512 inferat.
1547 1461 1627 1512 At
1645 1460 1840 1512 valeat
1859 1460 1956 1512 iste
1977 1460 2370 1526 Sycophanta,
2392 1464 2495 1526 qui

289 1548 414 1585 non
433 1532 509 1584 ob
528 1532 588 1584 id
608 1532 890 1584 Numinis
908 1530 1228 1585 vindidtam
1247 1534 1604 1596 meritasque
1624 1547 1830 1596 paenas
1851 1530 2131 1596 effugerit,
2157 1532 2316 1596 quod
2337 1548 2369 1584 e
2388 1533 2493 1584 Pa-

287 1607 415 1665 tria,
454 1603 746 1656 diuturnis
778 1603 830 1656 &
861 1610 945 1655 tot
975 1606 1270 1668 tantisque
1302 1603 1631 1668 imposturis
1662 1605 1825 1667 prius
1857 1601 2088 1663 afflicta,
2127 1603 2183 1654 se
2215 1603 2335 1655 alio
2367 1603 2492 1656 sub·

289 1676 540 1728 duxerit:
563 1672 849 1741 sequitur
863 1672 979 1740 sua
1000 1688 1191 1742 paena
1216 1676 1564 1727 nocentem.
1595 1674 1844 1726 Facessat
1873 1676 2088 1738 itaque,
2118 1674 2393 1740 indignus
2422 1675 2493 1727 de

290 1762 410 1812 quo
435 1746 624 1799 multa
648 1745 752 1798 fiat
776 1748 1018 1798 mentio,
1046 1746 1115 1798 Et
1141 1746 1216 1798 ob
1237 1745 1296 1798 id
1317 1761 1392 1797 ne
1412 1745 1849 1798 nominandum
1874 1745 2130 1810 quidem,
2157 1746 2492 1810 praesertim,

194 1835 240 1869 20
289 1834 426 1871 cum
456 1817 606 1870 alias
636 1817 752 1870 suis
783 1817 1203 1882 multiplicibus
1234 1817 1515 1883 versutijS,
1553 1815 1780 1868 technis
1812 1816 1865 1868 81
1896 1816 2323 1882 fraudulentijS,
2362 1817 2494 1870 satis

288 1889 546 1942 famosus
565 1888 644 1950 fit,
667 1888 1008 1941 existimaui.
1029 1889 1226 1953 Atque
1247 1888 1319 1941 de
1339 1887 1462 1940 hoc
1472 1888 1622 1945 satiS.

359 1961 420 2014 Si
441 1963 543 2026 qui
561 1966 850 2026 praeterea
868 1963 1097 2012 inuenti
1116 1960 1262 2020 sunt,
1289 1960 1361 2012 de
1381 1959 1494 2012 hac
1514 1959 1695 2012 Stella
1717 1965 1839 2011 tam
1864 1957 2135 2024 perfricta
2159 1959 2367 2021 fronte,
2395 1961 2492 2012 ab-

288 2032 447 2093 sona,
478 2032 531 2084 &
559 2032 633 2085 ab
664 2035 829 2084 omni
859 2032 1236 2096 Experientia
1264 2031 1478 2092 aliena,
1511 2037 1815 2096 nuganteS,
1847 2030 2053 2095 quales
2081 2030 2318 2083 fuerunt
2347 2047 2492 2083 non-

288 2103 455 2164 nulli,
482 2105 585 2168 qui
609 2109 839 2155 motum
864 2103 1227 2155 titubationis
1254 2102 1414 2166 (vere
1439 2102 1658 2154 iudicio
1679 2108 1858 2166 atque
1878 2101 2064 2154 oculis
2083 2102 2420 2166 titubantes)
2442 2103 2494 2154 &

194 2191 240 2226 2⁵
288 2175 481 2228 nescio
508 2190 644 2239 quae
670 2174 792 2227 alia
816 2174 1157 2234 accidentia,
1188 2173 1402 2239 quibus
1429 2180 1632 2226 tamen
1659 2189 1973 2238 nunquam
1999 2173 2259 2226 obnoxia
2286 2173 2409 2234 fuit,
2441 2177 2494 2226 ei

289 2245 663 2307 affinxerunt,
684 2245 796 2298 hos
814 2245 1102 2311 figillatim
1123 2260 1489 2306 enumerare,
1511 2251 1688 2309 atque
1708 2244 1948 2296 illorum
1961 2247 2138 2296 nimis
2151 2244 2392 2297 insulsos
2408 2261 2492 2296 er-

289 2333 451 2370 rores
480 2317 746 2383 detegere
776 2316 829 2369 81
856 2324 1076 2378 taxare,
1110 2332 1234 2368 non
1263 2317 1415 2369 duco
1445 2318 1915 2381 operaepretium.
1949 2316 2119 2367 Forte
2153 2319 2312 2367 enim
2342 2319 2494 2368 circa

290 2405 408 2450 eOS‚
430 2391 533 2454 qui
554 2391 732 2441 etiam
749 2388 1073 2453 aliqualem
1086 2387 1611 2440 considerationem
1624 2389 1947 2452 promereri
1960 2386 2062 2438 visi
2074 2387 2219 2447 sunt,
2241 2389 2494 2439 nimium

288 2476 384 2512 me
410 2463 795 2512 immoratum
818 2459 975 2512 fuisse
1003 2459 1163 2524 (cum
1182 2475 1306 2511 non
1327 2461 1531 2511 omnia
1551 2457 1827 2510 omnibus
1849 2457 2142 2523 placeant)
2169 2458 2491 2510 insimulari

192 2547 239 2582 30
288 2548 325 2584 a
345 2531 693 2596 quibusdam
711 2537 934 2596 potero,

359 2602 562 2666 Quare
581 2602 691 2663 his,
712 2602 784 2654 de
805 2601 1018 2666 quibus
1039 2603 1275 2653 animus
1294 2600 1402 2652 fuit
1417 2600 1624 2660 dicere,
1645 2599 1778 2652 satis
1791 2599 2078 2665 superque
2094 2599 2372 2665 expenfis,
2395 2616 2490 2652 eo-

287 2689 420 2726 rum
439 2673 608 2725 fimul
628 2675 916 2733 omnium,
943 2688 1079 2737 quae
1101 2672 1310 2737 Capite
1331 2672 1560 2724 decimo
1584 2669 2025 2736 complectenda
2049 2671 2282 2735 suscepi,
2309 2671 2491 2723 finem

287 2745 462 2798 facio:
484 2743 787 2796 confidens
806 2759 903 2795 me
922 2759 1030 2808 pro
1050 2742 1205 2794 virili
1222 2742 1516 2807 propofita
1536 2749 1919 2806 exequutum;
1946 2757 2055 2794 nec
2074 2744 2138 2793 in
2157 2741 2490 2794 Authorem

357 2815 546 2868 vllum
572 2818 715 2868 citra
739 2830 866 2867 rem
891 2817 1198 2879 quippiam
1226 2814 1643 2878 pronunciasse.
1674 2813 1836 2865 Nam
1860 2813 2231 2865 solummodo
2256 2814 2418 2865 Veri-

193 2903 239 2937 3⁵
430 2893 610 2947 tatem
631 2886 760 2951 (pro
779 2885 1024 2949 viribus)
1047 2884 1398 2937 enucleandi
1418 2884 1470 2936 &
1490 2883 1842 2936 defendendi
1862 2885 2064 2945 caussa,
2085 2884 2348 2937 libertate

501 2958 762 3023 quadam
775 2955 1200 3021 Philosophica,
1215 2955 1346 3008 haec
1358 2958 1422 3007 in
1434 2955 1698 3007 medium
1709 2955 1951 3008 adduxi:
1967 2971 2090 3007 non
2101 2962 2160 3007 vt
2174 2955 2276 3007 ali-

573 3030 740 3080 cuius
768 3027 1268 3080 Existimationem
1297 3026 1349 3078 &
1377 3025 1724 3079 Dodtrinam
1751 3026 2206 3092 praesumptuose

780 3099 1094 3151 eleuarem.
1117 3098 1296 3150 Nunc
1315 3100 1486 3163 igitur
1505 3098 1650 3150 velis
1670 3104 2001 3163 opportune

1034 3167 1341 3222 contractis
1360 3169 1663 3221 Ancoram
1682 3171 1745 3221 in

194 3257 240 3291 ιο
1173 3240 1353 3292 Portu
1371 3239 1565 3306 figam.
1587 3235 1608 3309 ΙΙ

430 3463 499 3499 38·
2025 3452 2486 3505 CONCLVSIO.
