2976 4264
494 313 598 364 342
734 307 1258 363 STELLARUM
1285 305 1916 358 INERRANTIUM
1944 306 2462 360 RESTITUTIO

494 454 758 515 Principe
781 449 1086 502 Gulielmo
1109 450 1347 501 Hassiae
1369 446 1791 513 Landgrauio);
1820 454 1905 499 est
1932 451 2091 500 enim
2118 448 2348 501 facilius
2369 465 2599 514 semper
2619 451 2701 502 di-

496 539 623 575 cere
654 537 835 585 quam
864 521 1078 572 facere:
1110 526 1433 583 antequam
1462 534 1572 570 nos
1600 521 1869 583 proxime
1897 519 2111 584 elapsis
2137 520 2363 585 aliquot
2389 523 2563 573 annis
2588 521 2703 573 hoc

495 609 662 653 onuS‚
684 593 816 643 licet
830 607 954 643 non
967 591 1117 652 leue,
1137 590 1239 642 sed
1252 590 1452 641 multis
1467 588 1823 642 anfratstibus
1839 590 1891 642 81
1905 590 2342 644 difficultatibus
2357 592 2701 653 obnoxium,

493 668 555 716 in
575 679 685 715 nos
705 665 1113 727 receperimus,
1144 661 1303 724 Quid
1323 676 1469 712 uero
1490 663 1553 711 in
1574 676 1646 712 eo
1666 664 2125 725 praestiterimus,
2152 663 2367 715 iudicet
2392 663 2603 715 futuris
2622 663 2701 716 se-

495 735 638 787 culis
668 733 1044 786 subsecutura
1072 734 1401 797 posteritas:
1433 747 1569 796 quae
1599 732 1700 784 ubi
1731 733 2137 785 certitudinem
2166 733 2317 786 adeo
2349 733 2613 787 exactam
2640 738 2703 786 in
2753 752 2774 786 5

492 809 563 872 ijs
591 811 804 869 praeter
832 804 1088 856 aliorum
1117 806 1376 855 rationes
1405 801 1757 867 patefactam
1787 819 1914 855 esse
1945 804 2177 856 coelitus
2205 808 2579 870 perspexerit,
2614 822 2701 866 ea,

493 880 577 929 uti
603 892 792 941 sper0‚
820 882 984 940 grata
1008 881 1205 926 mente
1225 874 1458 935 recolet,
1487 880 1663 939 atque
1683 877 1884 940 magni
1905 881 1960 927 et
1979 878 2218 941 pretiosi
2237 875 2500 928 thesauri
2520 879 2703 930 instar

495 947 874 1000 conseruabit.

562 1019 693 1071 Tibi
708 1034 870 1078 uer0,
886 1018 1316 1082 Augustissime
1331 1016 1673 1080 Imperator,
1693 1015 1849 1069 hanc
1864 1033 1901 1069 a
1914 1017 2086 1070 nobis
2099 1018 2300 1070 multis
2314 1021 2487 1071 annis
2502 1025 2701 1071 exant-

492 1090 675 1142 latam
701 1090 753 1141 &
779 1089 1019 1141 tandem
1046 1090 1330 1140 canonice
1351 1087 1703 1153 descriptam
1723 1088 2039 1141 Stellarum
2058 1090 2454 1142 Inerrantium
2474 1093 2701 1155 exposi-
2757 1108 2799 1142 10

492 1164 715 1213 tionem
732 1161 1019 1212 submisse
1035 1159 1087 1211 81
1101 1165 1439 1211 reuerenter
1454 1162 1725 1211 omnium
1744 1162 1937 1224 primo
1958 1159 2326 1213 offerendam
2346 1164 2702 1222 censuimuS‚

492 1239 555 1284 ut
583 1239 686 1284 tua
713 1232 1189 1284 Clementissima
1217 1230 1525 1283 uoluntate
1558 1230 1688 1282 haec
1719 1234 1850 1296 ipsa
1877 1231 2210 1296 suscipiens,
2243 1248 2339 1284 me
2367 1239 2422 1284 et
2448 1248 2535 1294 ea,
2567 1248 2703 1297 quae

492 1302 689 1364 tractO,
713 1303 996 1355 Coelestia
1017 1309 1071 1354 et
1091 1302 1368 1354 sublimia
1388 1304 1665 1354 exercitia
1683 1304 1747 1354 in
1765 1309 2068 1367 posterum
2090 1303 2371 1356 Caesareo
2391 1304 2599 1356 fauore
2620 1310 2701 1356 at-

493 1391 607 1439 que
629 1375 939 1426 clementia
960 1372 1263 1438 complec'ti
1289 1389 1413 1425 non
1439 1373 1784 1439 dedigneris.
1814 1374 1992 1426 Hanc
2018 1377 2191 1440 igitur
2215 1377 2407 1439 ipsam
2433 1378 2703 1427 instantis

492 1446 670 1498 huius
697 1447 862 1497 Anni
890 1445 1230 1506 strenulam,
1261 1451 1325 1497 ut
1353 1451 1457 1497 tua
1485 1445 1873 1509 Imperatoria
1898 1446 2186 1498 Maiestas
2214 1446 2508 1499 Clementi
2533 1447 2702 1499 vultu
2755 1463 2797 1498 15

562 1520 808 1582 accipiat
829 1524 883 1569 et
904 1519 1171 1581 excipiat,
1199 1532 1434 1568 summa
1455 1516 1811 1569 demissione
1831 1532 1991 1582 rogo,
2016 1520 2111 1569 cui
2130 1533 2226 1569 me
2246 1533 2501 1582 meaque
2520 1518 2627 1570 stu-

634 1589 731 1640 dia
761 1591 980 1649 omnia,
1015 1588 1091 1640 ad
1120 1587 1399 1653 obsequia
1429 1590 1660 1652 quaeuis
1692 1604 1800 1653 pro
1831 1588 1990 1640 uirili
2021 1590 2359 1653 praestanda
2389 1605 2558 1654 para-

704 1662 930 1712 tissima
956 1675 1138 1724 quam
1163 1658 1476 1711 humilime
1502 1675 1719 1711 uoueo,
1747 1659 2062 1712 Dabantur
2086 1675 2270 1724 prope
2297 1660 2486 1712 Ham-

775 1731 1028 1796 burgum
1064 1733 1127 1782 in
1158 1731 1313 1783 Arce
1349 1731 1739 1783 Ranzouiana
1770 1731 2223 1796 Wandesburgo
2263 1734 2417 1784 circa

846 1805 1129 1854 terminos
1164 1802 1508 1855 Germaniae
1548 1808 1603 1854 et
1636 1802 1950 1855 Cimbricae
1984 1802 2343 1855 Chersonesi
2749 1818 2795 1854 20

1067 1874 1249 1926 Anno
1270 1874 1399 1927 1598
1418 1873 1697 1938 postridie
1719 1873 2124 1926 Calendarum

1439 1945 1718 2011 Ianuarij.
1735 1940 1755 2013 ΙΙ

2384 3437 2694 3490 TABVLA
