2976 4264
225 1118 268 1154 10

691 316 1573 370 PROGYMNASMATUM
1600 317 1914 371 TERTIA
1940 319 2145 373 PARS
2433 322 2525 374 213

317 461 563 511 memini
582 475 679 511 me
701 459 1041 524 aliquando,
1064 475 1200 512 cum
1220 459 1562 512 Salfeldiam
1582 460 1900 523 tranfirem,
1923 462 1994 514 de
2017 462 2322 515 Clarissimi
2343 464 2527 516 Patris

318 533 446 583 eius
474 530 715 583 refiduis
742 534 1145 584 monumentis
1174 531 1553 592 collocutum;
1584 532 1681 584 vbi
1707 534 1858 585 inter
1883 534 2003 586 alia
2029 534 2362 587 ostendebat
2387 535 2525 587 Pru-

317 604 538 654 tenicas
551 601 812 655 Tabulas
832 602 908 655 ad
927 602 1152 668 lingula
1171 603 1326 655 dena
1344 605 1591 664 minuta,
1613 619 1733 668 quo
1754 604 1830 656 ad
1849 604 2379 670 Prosthaphaereses
2398 606 2524 659 Pla-

317 679 590 726 netarum
618 672 917 734 resolutaS,
947 673 1000 726 &
1028 677 1092 725 in
1121 674 1469 739 quibusdam
1497 674 1629 740 alijs
1660 674 2067 741 locupletatas:
2100 676 2525 742 videbaturque

316 743 481 805 mihi,
509 750 800 809 quantum
824 751 948 797 tam
972 745 1140 798 breui
1165 752 1429 811 tempore
1454 761 1527 797 ex
1548 745 1671 798 solo
1697 746 1975 799 familiari
2001 748 2299 813 colloquio
2326 749 2525 814 digno-

316 815 470 868 scere
495 815 673 877 licuit,
701 815 1046 868 eruditionis
1066 823 1346 882 paternae,
1374 833 1494 882 quo
1514 817 1590 869 ad
1609 817 1794 870 studia
1814 819 2258 880 Mathematica,
2284 835 2408 872 non
2431 820 2526 872 de-

316 902 494 953 gener
521 884 785 940 lectator:
815 887 921 939 nifi
950 888 1110 952 quod
1139 887 1286 949 haec,
1316 903 1379 940 re
1408 888 1556 940 forte
1586 889 1898 942 domestica
1925 892 2007 942 ita
2030 891 2372 955 postulante,
2402 907 2526 956 prae

317 958 557 1011 Medica
572 957 848 1011 facultate
862 961 1049 1024 magis
1063 959 1307 1021 lucrosa,
1327 962 1562 1024 parcius
1577 960 1883 1013 excoleret.
1907 961 2060 1025 Quae
2075 964 2248 1027 igitur
2260 962 2358 1014 ille
2374 965 2527 1015 circa

317 1029 559 1082 Stellam
587 1028 744 1082 hanc
772 1032 835 1082 in
863 1031 1128 1083 medium
1157 1031 1363 1092 attulit,
1392 1031 1687 1093 breuibuS,
1719 1048 1855 1084 cum
1885 1048 1958 1085 ea
1986 1035 2166 1086 etiam
2190 1049 2295 1098 per
2319 1033 2375 1086 se
2403 1050 2526 1085 non

316 1101 642 1154 admodum
661 1101 897 1167 copiosa
914 1101 1037 1163 fint,
1059 1102 1456 1167 expediemus,

387 1172 697 1237 Postquam
707 1188 900 1238 pauca
911 1174 1190 1238 quaedam
1200 1174 1272 1226 de
1284 1173 1564 1226 Miraculi
1575 1173 1754 1226 huius
1765 1176 2186 1240 magnitudine,
2199 1176 2358 1240 quod
2370 1192 2494 1228 non
2505 1172 2526 1244 ΙΙ

198 1253 285 1297 700
315 1243 506 1296 solum
524 1243 843 1296 idiotarum
864 1243 1307 1298 &indoctorum
1333 1244 1664 1307 hominum,
1691 1245 1788 1298 sed
1815 1249 1993 1299 etiam
2019 1247 2526 1299 eruditissimorum

225 1475 267 1511 15

220 1808 267 1843 20

222 2700 268 2735 35

225 3328 271 3363 45

317 1318 686 1380 quorumuiS,
708 1315 760 1367 &
780 1314 1175 1381 Philosophiae
1197 1319 1478 1369 eximiam
1497 1316 1798 1369 scientiam
1817 1333 1940 1382 prae
1961 1318 2016 1370 se
2036 1317 2366 1379 ferentium,
2394 1335 2525 1384 cap-

315 1393 443 1439 tum
457 1393 635 1451 atque
649 1386 868 1439 iudicia
882 1388 1202 1449 excederet,
1217 1388 1498 1452 praefatus
1508 1388 1704 1449 fuisset,
1722 1388 2177 1442 obseruationes
2188 1390 2526 1451 nonnullaS,

317 1457 532 1523 quibus
551 1457 683 1510 haec
703 1457 756 1510 &
777 1465 990 1511 caetera
1010 1474 1146 1523 quae
1171 1459 1518 1524 superstruit‚
1547 1459 1869 1521 confirmet,
1898 1463 1961 1512 in
1985 1461 2250 1513 medium
2275 1461 2526 1522 adducit,

316 1545 465 1594 quas
493 1545 566 1582 ex
591 1529 881 1595 ipfiusmet
906 1530 1115 1591 verbiS,
1144 1546 1281 1595 quae
1307 1529 1420 1582 hae
1440 1534 1503 1585 in
1521 1537 1686 1595 parte
1707 1531 1893 1584 latina
1913 1539 2096 1593 erant,
2122 1534 2243 1584 vna
2263 1548 2399 1584 cum
2418 1549 2525 1585 nu-

314 1616 619 1654 merorum
639 1601 1019 1654 denotatione
1039 1601 1137 1653 hic
1157 1618 1546 1667 apponemuS.

315 1681 437 1725 Visa
455 1681 691 1726 Altitudo
712 1681 920 1725 summa
1199 1682 1256 1726 79
1278 1683 1437 1726 Grad.
1459 1683 1518 1726 30
1540 1682 1724 1726 Minut.
1776 1683 1804 1726 Ο
1824 1683 2048 1727 Secund.

317 1741 486 1785 Huius
505 1741 793 1785 Parallaxis
1228 1741 1257 1785 0
1278 1742 1337 1786 G.
1491 1742 1519 1786 Ο
1540 1742 1610 1784 Μ.
1745 1742 1804 1786 34
1824 1743 1873 1786 S.

315 1801 457 1844 Vera
475 1801 710 1844 Altitudo
733 1801 939 1844 summa
1198 1801 1255 1845 79
1275 1802 1335 1845 G.
1458 1802 1517 1845 30
1539 1802 1609 1844 M.
1745 1802 1804 1845 34
1823 1802 1872 1845 S.

315 1860 437 1904 Visa
455 1860 690 1905 Altitudo
710 1860 820 1904 ima
1197 1861 1254 1905 23
1277 1862 1336 1905 G.
1489 1861 1518 1904 2
1540 1861 1610 1903 M.
1745 1862 1803 1905 30
1823 1862 1872 1905 S.

317 1919 487 1964 Huius
506 1920 793 1963 Parallaxis
1228 1921 1257 1964 0
1278 1921 1338 1964 G.
1491 1921 1519 1964 2
1541 1921 1611 1963 M.
1747 1921 1805 1964 56
1825 1922 1875 1965 S.

315 1979 458 2024 Vera
477 1979 711 2023 Altitudo
731 1979 841 2023 lma
1197 1980 1254 2024 23
1276 1981 1335 2024 G.
1489 1981 1516 2023 5
1538 1981 1609 2023 M.
1745 1981 1803 2024 26
1823 1981 1872 2023 S.

315 2039 550 2083 Altitudo
569 2039 676 2083 Poli
1199 2040 1251 2083 51
1278 2040 1337 2083 G.
1466 2039 1519 2083 18
1540 2040 1611 2083 M.
1777 2040 1805 2083 0
1825 2040 1874 2083 S.

317 2098 613 2143 Declinatio
636 2110 767 2142 uera
1199 2099 1251 2142 61
1279 2099 1337 2143 G.
1460 2099 1519 2142 47
1541 2100 1611 2142 M.
1746 2100 1805 2143 26
1825 2100 1874 2142 S.

317 2158 613 2202 Declinatio
626 2158 738 2201 uisa
751 2158 804 2202 in
819 2158 1026 2202 summa
1039 2159 1179 2202 Altit.
1199 2159 1252 2202 61
1278 2159 1338 2202 G.
1461 2159 1519 2202 48
1540 2159 1611 2202 M.
1776 2159 1805 2202 0
1825 2159 1873 2202 S.

317 2217 612 2262 Declinatio
632 2218 743 2261 uisa
762 2218 816 2261 in
834 2218 943 2261 ima
963 2218 1103 2262 Altit.
1199 2218 1251 2262 61
1277 2219 1338 2262 G.
1460 2218 1519 2261 44
1541 2219 1611 2262 M.
1746 2218 1805 2262 30
1825 2219 1873 2261 S.

318 2276 567 2321 Latitudo
587 2289 719 2321 uera
1195 2278 1253 2321 53
1275 2278 1334 2321 G.
1458 2279 1515 2322 35
1538 2279 1609 2321 Μ.
1744 2278 1803 2321 30
1823 2278 1871 2321 S.

316 2336 438 2380 Visa
457 2336 510 2379 in
531 2336 739 2380 summa
757 2337 858 2381 Alt.
1196 2337 1253 2380 53
1276 2338 1335 2381 G.
1459 2338 1518 2381 36
1538 2337 1609 2380 M.
1774 2337 1803 2380 0
1823 2337 1872 2380 S.

317 2396 438 2440 Visa
457 2395 511 2439 in
529 2396 640 2439 ima
658 2396 873 2440 Altitud.
1196 2397 1253 2440 53
1275 2397 1335 2440 G.
1458 2397 1515 2440 33
1538 2398 1609 2440 M.
1751 2396 1804 2439 14
1823 2397 1872 2439 S.

318 2456 495 2500 Locus
513 2467 674 2499 uerus
1225 2457 1252 2498 7
1274 2457 1333 2500 G.
1461 2457 1515 2499 12
1536 2457 1607 2499 M.
1741 2456 1799 2499 26
1820 2455 1931 2512 S&
1943 2455 2149 2509 semper
2164 2455 2524 2499 fibiconstans.

316 2515 468 2558 Visus
487 2515 539 2558 in
560 2515 767 2558 summa
786 2515 999 2559 Altitud.
1228 2517 1255 2558 7
1277 2516 1336 2559 G.
1464 2516 1517 2559 12
1539 2516 1609 2558 M.
1744 2515 1802 2557 45
1822 2514 1934 2572 8.*0)

316 2573 467 2618 Visus
480 2574 534 2617 in
548 2574 657 2618 ima
671 2575 771 2618 Alt.
787 2575 993 2618 ratione
1006 2576 1190 2618 Parall.
1228 2576 1255 2618 7
1277 2575 1336 2618 G.
1465 2575 1518 2618 10
1540 2575 1610 2617 M.
1745 2574 1803 2617 33
1823 2574 1872 2617 S.

318 2633 572 2677 Distantia
593 2646 625 2676 a
646 2634 836 2678 Centro
857 2635 1034 2677 Terrae
1059 2634 1172 2677 1079
1192 2633 1723 2677 Sernidiametrorum
1743 2633 1920 2676 Terrae
1941 2633 1981 2675 81
2001 2633 2161 2687 paulo
2181 2633 2313 2687 plus.

318 2692 593 2736 Diameter
612 2693 724 2736 eius
742 2693 801 2736 25
821 2693 1135 2737 Decembris
1154 2694 1308 2736 Anno
1329 2693 1386 2736 72
1406 2693 1503 2736 fuit
1522 2693 1639 2736 5385
1659 2692 1946 2735 miliarium
1967 2692 2425 2735 Germanicorum.

317 2751 591 2807 Proportio
612 2751 724 2795 eius
745 2752 815 2795 ad
832 2753 1052 2796 Terram
1072 2755 1130 2795 ut
1147 2752 1201 2795 31
1227 2753 1296 2795 ad
1320 2752 1338 2794 1
1364 2752 1473 2796 fere
1493 2756 1609 2795 turn
1627 2751 1898 2806 temporis.

319 2811 447 2855 Inde
466 2822 561 2866 per
579 2811 887 2854 Ianuarium
907 2812 949 2855 81
968 2811 1312 2855 Februarium
1333 2811 1606 2855 Diameter
1623 2811 1756 2855 3243.
1779 2811 1967 2854 miliar.

317 2870 592 2925 Proportio
613 2870 683 2914 ad
701 2870 922 2914 Terram
941 2873 1000 2914 ut
1022 2870 1076 2914 13
1097 2871 1166 2913 ad
1184 2871 1213 2913 2
1234 2871 1358 2914 fere.

317 2930 363 2973 A
383 2930 488 2974 fine
507 2941 637 2974 uero
659 2929 922 2986 Februarij
946 2930 1015 2973 ad
1036 2929 1272 2973 medium
1294 2929 1436 2985 Maij‚
1460 2929 1686 2973 Diamet.
1709 2929 1825 2972 2167
1847 2929 2033 2972 miliar.

318 2989 592 3044 Proportio
613 2990 683 3032 ad
701 2988 919 3032 Terram
938 2989 968 3032 2
988 2990 1058 3032 ad
1081 2989 1119 3032 1.

318 3048 364 3091 A
384 3048 509 3104 Maij
531 3048 636 3092 fine
658 3049 727 3092 ad
746 3048 957 3104 Augusti
975 3048 1155 3100 finem,
1178 3059 1284 3102 quo
1303 3048 1423 3092 haec
1447 3047 1637 3103 scripta
1659 3048 1787 3100 sunt,
1810 3048 2083 3091 Diameter
2106 3047 2218 3091 1888
2240 3047 2427 3091 Miliar.

318 3108 489 3162 Atque
508 3107 708 3152 idcirco
729 3119 824 3163 per
841 3111 1016 3152 totum
1029 3108 1171 3151 hunc
1186 3107 1321 3151 Anni
1336 3107 1718 3160 Quadrantem,
1740 3120 2015 3163 nunquam
2030 3110 2236 3151 mutata
2250 3107 2525 3162 proportio

378 3167 490 3219 fuit,
513 3179 634 3222 quae
654 3170 769 3211 erat
788 3167 950 3211 ueluti
970 3167 1027 3210 67
1048 3167 1118 3210 ad
1135 3167 1209 3210 50.

390 3241 528 3302 Hae,
555 3241 769 3306 quibus
795 3243 1014 3301 nititur,
1044 3239 1515 3302 ObseruationeS,
1542 3256 1926 3306 nequaquam
1951 3241 2025 3293 ab
2052 3240 2173 3306 ipso
2195 3239 2526 3292 Reinholdo

320 3311 545 3364 caelitus
574 3312 912 3376 conquifitae
945 3310 1487 3376 deprehenduntur:
1517 3312 1614 3364 sed
1642 3315 1836 3376 potius
1865 3312 1939 3364 ab
1970 3311 2336 3364 Illustrissimo
2365 3311 2525 3363 Prin·
2585 3353 2590 3358 .

321 3385 447 3447 cipe
472 3383 926 3435 WILHELMO
953 3382 1265 3435 HASSIAE
1292 3383 1839 3444 LANDGRAVIO,
1868 3384 2261 3448 vndecunque
2286 3382 2526 3435 tandem

2426 3468 2526 3505 eas
