2976 4264
472 309 576 370 206
974 303 1584 357 ASTRONOMIAE
1611 300 2177 355 INSTAURATAE

471 449 809 501 Thaddaeus
830 447 1147 511 HageciuS,
1167 452 1228 497 vt
1249 445 1300 496 &
1320 444 1642 497 nonnullas
1663 444 1812 496 alias
1831 442 2011 495 huius
2032 443 2227 495 Stellae
2249 443 2675 508 descriptiones,

471 521 602 573 licet
621 519 931 583 plerasque
953 532 1160 569 earum
1180 522 1357 568 antea
1377 518 1555 567 etiam
1568 518 1631 567 in
1644 521 1922 580 promptu
1935 513 2264 566 habuerim.
2287 514 2441 578 Quae
2455 517 2628 580 igitur
2641 531 2678 568 a

471 588 747 657 praedicto
761 588 1067 653 professore
1078 586 1596 648 Francofordienfi‚
1611 586 2067 639 obseruationes
2078 585 2257 638 huius
2269 585 2465 638 Stellae
2475 589 2677 651 praeci-

471 677 587 727 pue
604 662 960 725 attingentia,
980 659 1194 711 chartis
1211 658 1547 723 confignata
1561 657 1828 722 mihique
1842 656 2157 709 transmissa
2172 663 2354 718 erant,
2372 656 2487 718 hic,
2504 664 2679 722 prout

470 732 808 785 Thaddaeus
830 730 1204 795 excerpserat,
1226 729 1544 790 annotab0,
1569 744 1706 781 cum
1724 744 1829 793 per
1848 727 1903 780 se
1924 743 2049 781 non
2068 728 2219 781 adeo
2239 728 2427 780 multa
2445 728 2677 790 fuerint,
2728 746 2750 780 5

473 805 524 857 8(
543 804 690 856 forte
710 818 835 854 non
854 802 1069 866 vbique
1091 801 1271 853 obuia
1290 803 1674 866 reperiantur.
1696 795 1716 868 ΙΙ

522 958 628 1011 ΕΧ
654 956 977 1011 SCRIPTO
1006 955 1208 1008 ELIAE
1236 954 1683 1008 CAMERARII
1710 954 1818 1035 DE
1845 954 2083 1007 NOUA
2110 953 2288 1007 HAC
2317 952 2631 1016 STELLA,
2711 962 2797 1007 693

922 1038 1340 1091 PRAECIPUA
1368 1037 1755 1102 QUAEDAM
1782 1036 2227 1090 DENOTATA.

544 1135 603 1178 In
634 1133 890 1189 principio
925 1131 1169 1175 Odtobris
1200 1131 1338 1174 Anni
1373 1131 1486 1174 1572
1517 1130 1720 1185 uesperi
1753 1129 1897 1173 circa
1928 1130 2124 1173 horam
2159 1129 2213 1172 10
2243 1141 2411 1184 prope
2441 1129 2682 1173 Meridia-
2730 1136 2758 1180 ἦ·

473 1207 617 1246 num,
646 1193 861 1236 Nouum
881 1191 1034 1235 Sidus
1056 1190 1315 1246 apparuit,
1345 1190 1490 1245 quod
1510 1190 1639 1233 ficut
1660 1189 1804 1244 Lyra
1825 1191 1866 1232 δι
1887 1189 2097 1241 Hircus‚
2125 1201 2298 1244 neque
2325 1189 2491 1232 oritur
2509 1200 2681 1244 neque
2734 1196 2776 1231 10

474 1253 681 1299 occidit.
703 1251 1010 1307 Apparebat
1024 1254 1205 1294 autem
1218 1249 1363 1294 initio
1380 1250 1583 1304 absque
1598 1249 1788 1302 cauda,
1804 1249 1984 1293 forma
1998 1249 2173 1292 Stellae
2188 1248 2377 1304 primae
2391 1248 2678 1304 magnitud.

473 1315 513 1358 81
541 1314 725 1357 Iouem
756 1312 985 1366 quidem,
1018 1322 1123 1365 quo
1154 1310 1223 1353 ad
1253 1308 1521 1364 aspectum
1550 1309 1805 1360 nostrum,
1837 1308 2128 1363 quantitate
2157 1308 2458 1363 superabat:
2489 1307 2683 1352 Veneri

476 1377 656 1417 autem
671 1371 895 1416 cedebat
909 1371 1020 1414 eius
1035 1381 1244 1424 corpus.
1263 1369 1384 1413 Non
1397 1368 1494 1412 fuit
1505 1368 1664 1412 Stella
1676 1367 1801 1411 Fixa
1814 1368 2005 1423 primae
2020 1367 2307 1423 magnitud.
2325 1369 2493 1411 multo
2508 1367 2683 1411 minus

475 1435 701 1476 Planeta.
726 1430 973 1474 Latitudo
995 1429 1150 1473 huius
1170 1429 1346 1472 Stellae
1366 1428 1438 1471 54.
1461 1429 1509 1471 P.
1533 1427 1718 1472 borea:
1744 1427 2041 1483 Longitudo
2060 1427 2208 1471 iuxta
2228 1429 2270 1471 7.
2293 1426 2424 1484 Pstff.

595 1575 1088 1641 SEQUUNTUR
1116 1573 1767 1628 OBSERUATIONES
1793 1572 1900 1625 AB
1927 1572 2219 1626 EODEM
2246 1571 2569 1624 HABITAE
2739 1588 2780 1623 15

1147 1657 1199 1709 ἀ
1224 1658 1310 1709 ΙΝ
1338 1657 1564 1710 VSUM
1591 1655 2012 1709 DEDUCTAE.

548 1754 645 1797 Die
665 1753 722 1796 23
750 1753 790 1795 81
819 1751 1150 1806 sequentibus
1171 1750 1362 1793 Menfis
1385 1749 1705 1793 Nouembris
1725 1749 1862 1792 Anni
1886 1749 2014 1801 1572,
2042 1748 2246 1804 uesperi
2275 1747 2451 1791 distitit
2471 1747 2685 1791 Nouum

477 1814 628 1857 Sidus
644 1826 675 1856 a
690 1812 888 1856 uertice
902 1812 955 1854 in
971 1810 1264 1854 Meridiano
1280 1810 1487 1853 Circulo
1502 1809 1544 1852 9.
1562 1809 1622 1852 G.
1638 1808 1711 1852 30.
1728 1809 1911 1863 Scrup.
1936 1809 2096 1852 Mane
2114 1810 2295 1851 autem
2310 1807 2413 1851 diei
2427 1807 2686 1862 sequentis

476 1874 529 1916 in
556 1873 748 1917 eodem
774 1870 1069 1915 Meridiano
1097 1869 1380 1913 declinauit
1402 1875 1434 1912 a
1453 1868 1652 1912 uertice
1672 1868 1744 1911 65.
1769 1868 1828 1912 G.
1850 1868 1923 1911 52.
1948 1868 2115 1923 scrup.
2137 1867 2475 1911 interuallum
2500 1867 2686 1910 utrius·

478 1945 579 1987 que
600 1931 856 1975 distantiae
876 1930 949 1973 56.
972 1931 1020 1973 P.
1042 1930 1115 1972 22.
1140 1930 1306 1983 scrup.
2736 1932 2782 1967 20

549 1991 782 2035 Eleuatio
809 1990 915 2034 Poli
940 1988 1402 2032 Franeofordenfis
1429 1999 1495 2031 ex
1522 1987 1919 2039 Obseruatione,
1947 1987 2019 2030 52.
2044 1987 2104 2030 G.
2126 1986 2199 2029 24.
2222 1987 2406 2041 Scrup.
2436 1986 2551 2029 Iam
2579 1986 2615 2029 fi
2641 1985 2684 2029 9.

479 2051 638 2095 Grad.
655 2051 726 2094 30.
745 2050 927 2104 Scrup.
951 2048 1222 2091 Distantiae
1238 2060 1269 2090 a
1283 2046 1498 2099 uertice,
1521 2046 1707 2090 aufero
1729 2058 1796 2090 ex
1816 2047 2212 2100 complemento
2230 2045 2550 2089 Eleuationis
2563 2045 2685 2097 Poli‚

480 2111 672 2155 scilicet
696 2110 769 2152 37.
799 2109 886 2152 Gr.
914 2108 987 2151 36.
1018 2108 1184 2161 scrup.
1216 2106 1582 2161 relinquuntur
1607 2105 1680 2148 28.
1710 2106 1798 2149 Gr.
1827 2105 1869 2149 6.
1899 2106 2082 2160 Scrup.
2114 2104 2372 2148 distantiae
2401 2105 2505 2148 loci
2533 2104 2625 2147 uisi
2655 2117 2687 2147 a

478 2171 601 2214 Polo
630 2168 814 2211 Mundi
838 2168 985 2210 iuxta
1010 2166 1282 2210 uerticem.
1310 2166 1415 2208 Aut
1435 2166 1470 2208 si
1491 2165 1533 2208 9.
1557 2165 1644 2208 Gr.
1666 2164 1739 2208 30.
1764 2165 1930 2220 semp.
1960 2165 2228 2208 adduntur
2253 2164 2536 2208 eleuationi
2561 2163 2684 2216 Poli,

479 2228 738 2273 constabit
758 2239 914 2271 arcus
935 2226 1314 2270 Declinationis
1335 2224 1566 2268 Borealis
1587 2224 1654 2268 ab
1676 2224 1974 2279 AEquatore
1993 2225 2042 2267 P.
2064 2224 2136 2267 61.
2159 2225 2196 2270 l.
2218 2223 2291 2267 54.
2318 2223 2521 2267 Deinde
2543 2224 2579 2266 fi
2600 2235 2689 2266 au·
2736 2230 2783 2265 25

479 2289 592 2332 fero
608 2288 1071 2342 Complementum
1087 2285 1341 2328 Maximae
1357 2283 1735 2328 Declinationis
1754 2284 1880 2327 uisae
1900 2283 1973 2326 24.
1991 2283 2150 2327 Grad.
2167 2283 2209 2326 8.
2227 2283 2410 2338 Scrup.
2427 2295 2494 2326 ex
2508 2284 2686 2326 Eleua-

478 2349 620 2392 tione
633 2346 755 2398 Poli‚
777 2349 1020 2389 remanet
1034 2345 1277 2388 distantia
1292 2343 1429 2388 Noui
1444 2343 1637 2387 Sideris
1651 2343 1761 2386 uisa
1776 2356 1808 2386 a
1821 2344 1944 2387 Polo
1961 2342 2146 2386 Mundi
2158 2342 2295 2386 infra
2308 2343 2491 2386 Polum
2504 2342 2577 2385 28.
2596 2342 2682 2385 Gr.

484 2408 550 2451 16.
575 2407 741 2461 scrup.
763 2407 866 2448 Aut
887 2406 922 2448 fi
942 2404 1014 2448 24.
1040 2405 1198 2447 Grad.
1221 2403 1263 2447 8.
1287 2404 1469 2458 Scrup.
1493 2403 1878 2457 Complementi
1899 2402 2153 2445 maximae
2174 2401 2539 2445 declinationis
2558 2401 2685 2444 uisae

481 2467 745 2510 adduntur
766 2465 1167 2519 Complemento
1192 2462 1510 2507 Eleuationis
1529 2462 1651 2515 Poli,
1680 2462 1997 2517 proueniunt
2016 2462 2088 2505 61.
2113 2461 2272 2505 Grad.
2294 2461 2367 2504 44.
2391 2461 2558 2516 scrup.
2588 2461 2686 2504 De-

480 2526 690 2570 clinatio
719 2525 785 2568 ab
813 2525 1111 2579 AEquatore
1136 2523 1276 2566 infra
1300 2523 1485 2566 Polum
1512 2521 1710 2565 Mundi.
1742 2520 2021 2565 Subtrac’ta
2047 2533 2171 2576 ergo
2198 2521 2404 2564 minore
2430 2520 2686 2563 Distantia
2735 2526 2781 2562 3ο

479 2587 633 2640 supra
658 2586 841 2628 Polum
867 2584 940 2627 28.
971 2582 1129 2626 Gr'ad.
1157 2583 1200 2626 6.
1230 2583 1412 2637 Scrup.
1443 2594 1475 2625 a
1501 2581 1706 2624 maiore
1734 2580 1871 2624 infra
1899 2582 2083 2624 Polum
2108 2580 2181 2623 28.
2213 2580 2371 2624 Grad.
2404 2580 2472 2624 16.
2502 2580 2685 2634 Scrup.

478 2647 718 2688 remanet
746 2643 1033 2687 Parallaxis
1067 2642 1133 2685 10.
1162 2642 1345 2696 Scrup.
1378 2641 1577 2684 Eadem
1607 2640 1878 2684 diuersitas
1904 2638 2155 2695 Asped'tus
2185 2651 2396 2694 quoque
2425 2639 2686 2694 prouenit,

482 2702 742 2748 subtracta
779 2703 984 2746 minore
1017 2701 1382 2745 Declinatione
1413 2701 1479 2744 ab
1508 2700 1807 2755 AEquatore
1833 2699 1905 2743 61.
1936 2700 2095 2743 Grad.
2123 2698 2196 2742 44.
2226 2699 2394 2754 scrup.
2423 2711 2455 2742 a
2482 2698 2687 2742 maiore

479 2764 551 2806 61.
575 2764 733 2806 Grad.
761 2762 833 2805 54.
858 2762 928 2805 M.
957 2762 1051 2804 Cui
1075 2762 1117 2804 2.
1147 2761 1421 2815 Scrupula‚
1448 2759 1708 2803 Parallaxi
1735 2759 1929 2803 scilicet
1954 2771 1985 2802 a
2011 2758 2226 2811 uertice,
2256 2759 2325 2802 ad
2350 2758 2392 2801 9.
2424 2758 2583 2801 Grad.
2611 2757 2685 2801 30.

482 2824 647 2877 scrup.
671 2823 706 2865 fi
728 2822 1006 2873 addantur,
1030 2821 1234 2864 constat
1252 2832 1383 2863 uera
1402 2819 1688 2862 Parallaxis
1712 2819 1779 2862 12.
1803 2819 1986 2873 Scrup.
2736 2823 2783 2858 35

550 2883 703 2925 Anno
728 2881 856 2933 1573,
884 2881 981 2924 Die
1001 2882 1045 2933 5,
1066 2880 1109 2932 6,
1132 2881 1174 2932 7,
1198 2880 1239 2922 δι
1259 2879 1286 2922 8
1307 2878 1552 2934 Ianuarij‚
1579 2878 1694 2933 post
1717 2878 1851 2921 Solis
1878 2878 2145 2930 occasum,
2174 2877 2416 2920 distantia
2437 2889 2469 2920 a
2488 2876 2688 2920 uertice

481 2941 716 2993 minima,
744 2941 960 2984 inuenta
986 2940 1059 2983 est
1078 2939 1120 2982 9.
1145 2940 1304 2982 Grad.
1326 2939 1399 2982 33.
1423 2939 1605 2993 Scrup.
1631 2938 1790 2981 Mane
1809 2949 1940 2981 uero
1961 2937 2153 2981 eadem
2173 2936 2415 2980 distantia
2437 2948 2469 2979 a
2487 2935 2688 2979 uertice

482 3001 577 3043 fuit
589 3000 661 3043 65.
680 3001 838 3043 Grad.
854 2999 926 3043 43.
945 2999 1128 3053 Scrup.
1154 2999 1284 3054 Ergo
1299 2997 1586 3041 Parallaxis
1602 2997 1645 3040 4.
1665 2997 1831 3052 semp.
1853 2997 2151 3051 primorum
2171 2997 2212 3039 81
2232 2996 2289 3039 30
2311 2995 2685 3039 secundorum:

483 3071 587 3113 quo
606 3063 848 3114 tempore
869 3059 1150 3102 uidebatur
1170 3058 1490 3101 decrescere.

553 3119 649 3161 Die
670 3119 696 3160 7
716 3118 906 3172 Aprilis
927 3118 967 3160 81
989 3117 1321 3172 sequentibus
1342 3117 1526 3159 diebus
1549 3116 1663 3170 post
1687 3115 1740 3158 10
1760 3114 2141 3170 Vespertinam‚
2173 3113 2415 3157 distantia
2436 3125 2468 3156 a
2487 3112 2687 3156 uertice
2736 3119 2783 3153 40

483 3178 719 3220 maxima
749 3177 845 3220 fuit
871 3177 943 3220 65.
971 3177 1129 3220 Grad.
1158 3176 1230 3219 40.
1261 3176 1443 3231 Scrup.
1477 3175 1698 3218 Minima
1727 3174 1970 3218 distantia
1998 3177 2216 3229 propter
2245 3173 2506 3217 accessum
2537 3172 2687 3222 Solis,

483 3237 668 3279 haberi
688 3248 795 3279 non
814 3236 997 3291 potuit.
1687 3271 1693 3275 .

555 3295 652 3338 Die
672 3297 698 3338 7
712 3295 979 3350 Augusti&
995 3294 1194 3349 aliquot
1213 3293 1638 3349 praecedentibus
1653 3293 1694 3336 81
1710 3293 2042 3347 sequentibus
2063 3292 2177 3347 post
2201 3292 2218 3334 l
2243 3292 2452 3342 horam,
2474 3290 2690 3334 inuenta

484 3355 557 3397 est
576 3354 817 3397 distantia
838 3367 870 3397 a
889 3354 1086 3397 uertice
1108 3354 1329 3397 minima
1349 3353 1391 3397 9.
1417 3353 1575 3396 Grad.
1598 3352 1670 3395 34.
1695 3353 1765 3395 M.

2551 3433 2689 3486 Hoc
