2976 4264
482 332 552 383 20
985 322 1593 378 ASTRONOMIAE
1620 321 2186 375 INSTAURATAE

480 475 542 523 in
555 477 718 536 parte
733 468 1129 521 Illustrissimus
1143 465 1417 529 Princeps
1431 463 1922 516 WILHELMVS
1943 463 2557 518 LANDTGRAVIVS
2578 482 2681 518 no-

479 543 566 594 bis
587 542 850 606 apprime
871 536 1226 601 astipulatur,
1255 535 1405 587 adeo
1425 541 1485 586 vt
1505 534 1752 586 Veneris
1774 536 1952 586 etiam
1972 534 2152 587 Stella
2171 535 2477 599 aliquanto
2497 539 2682 589 maio-

480 628 604 665 rem
623 612 794 670 fuisse‚
815 609 1210 673 pronunciare
1224 621 1348 657 non
1362 604 1653 666 dubitarit,
1675 605 2180 669 quemadmodum
2195 622 2267 658 ex
2280 606 2453 671 supra
2466 607 2683 672 scriptis

479 688 650 748 patet.
673 681 785 734 Sed
805 679 934 731 haec
955 677 1333 743 intelligenda
1351 678 1613 737 veniunt,
1633 682 1807 741 prout
1827 676 2073 728 Veneris
2094 676 2274 729 Stella
2293 693 2330 729 a
2348 677 2532 730 Terra
2550 678 2683 743 plus

479 752 745 805 minusue
767 750 994 810 distanS,
1017 754 1400 815 apparentem
1415 747 1791 799 Diametrum
1804 763 1963 799 nunc
1978 745 2218 809 arctare,
2240 763 2399 800 nunc
2416 749 2683 802 relaxare

480 826 746 876 cernitur.
775 822 843 873 In
868 820 983 872 hoc
1010 822 1188 872 etiam
1213 818 1654 883 aliquantulum
1674 834 1711 870 a
1731 818 1902 870 nobis
1928 818 2142 870 dissidet
2161 817 2496 881 ThaddeuS‚
2524 821 2684 884 quod

479 894 718 947 Stellam
732 892 887 945 hanc
898 892 971 944 ab
984 893 1151 943 initio
1163 889 1502 942 rutilantem
1513 888 1768 941 habuisse
1778 889 2148 954 splendorem
2159 889 2327 950 dicat,
2344 906 2478 942 cum
2489 894 2683 956 potius

478 967 636 1017 Iouis
656 970 758 1016 aut
771 964 1018 1015 Veneris
1039 962 1300 1014 albicans
1320 961 1525 1012 lumen
1544 976 1667 1025 prae
1687 960 1743 1012 se
1763 960 1979 1021 tulerit;
2002 960 2259 1026 Ideoque
2281 960 2464 1014 dicius
2482 962 2682 1014 Illustr.

478 1037 751 1100 Princeps
771 1034 1017 1086 Veneris
1038 1033 1285 1085 claritati
1311 1047 1446 1084 eam
1473 1047 1842 1096 comparanS‚
1869 1031 1982 1084 hac
2010 1047 2247 1097 quoque
2273 1032 2684 1098 fulgentiorem

476 1106 729 1173 protulit.
759 1105 992 1158 Coloris
1013 1110 1213 1157 autem
1232 1106 1624 1156 mutationem
1645 1103 1718 1156 ab
1740 1102 2030 1156 albicante
2056 1106 2119 1155 in
2145 1103 2573 1166 flauescentem,
2601 1111 2682 1157 at-

477 1194 591 1243 que
607 1177 817 1230 deinde
831 1175 1075 1228 rutilum
1088 1174 1269 1240 paulo
1283 1174 1405 1240 post
1418 1176 1587 1227 initia
1599 1175 1763 1227 Anni
1777 1175 1845 1227 73
1859 1174 2151 1239 sequentis
2164 1174 2461 1236 induebat,
2481 1191 2682 1241 quem-

476 1249 800 1302 admodum
820 1247 949 1299 haec
968 1247 1073 1299 suo
1093 1247 1225 1300 loco
1245 1246 1478 1312 plenius
1493 1246 1546 1298 &
1559 1245 1856 1311 speciatim
1875 1246 2288 1299 iudicauimus.
2310 1247 2534 1299 Verum
2553 1246 2684 1300 haec

477 1323 629 1372 circa
648 1318 1125 1384 Magnitudinem
1145 1324 1322 1382 atque
1338 1317 1621 1371 Colorem
1640 1316 1820 1369 huius
1840 1317 2035 1370 Stellae
2056 1320 2207 1370 inter
2226 1317 2684 1371 D.Thaddaeum

478 1391 530 1443 81
555 1407 651 1443 me
678 1389 1139 1455 discrepantiola,
1167 1405 1292 1441 non
1316 1391 1518 1454 magni
1545 1388 1620 1440 est
1641 1391 1944 1441 momenti.
1973 1389 2134 1441 Nam
2155 1389 2207 1440 &
2227 1404 2334 1454 pro
2355 1389 2683 1443 diuersitate

476 1464 742 1528 puritatis
756 1462 928 1514 Aeris
949 1467 1126 1526 atque
1146 1460 1551 1526 aspicientium
1571 1462 1697 1512 acie
1717 1460 1819 1513 ista
1832 1460 2013 1525 paulo
2028 1460 2196 1512 aliter
2208 1460 2264 1512 se
2278 1463 2508 1513 variare
2522 1467 2681 1526 pote—

476 1540 629 1594 rant;
652 1532 704 1584 &
722 1532 934 1585 fatetur
953 1532 1193 1598 ipsemet
1213 1534 1366 1584 circa
1379 1531 1666 1585 Natalitia
1681 1530 1997 1584 CHRISTI
2016 1534 2276 1596 primum
2294 1531 2350 1583 se
2370 1531 2526 1584 hanc
2546 1548 2681 1585 con-

475 1605 721 1670 spexisse,
751 1604 991 1669 quando
1018 1603 1155 1657 sane
1183 1603 1235 1656 &
1262 1605 1586 1668 quantitate
1606 1602 1812 1655 visibili
1838 1602 2114 1655 nonnihil
2139 1606 2453 1655 imminuta
2478 1603 2602 1665 fuit,
2629 1603 2682 1656 &

477 1676 689 1729 coloris
721 1675 1060 1728 albescentis
1092 1674 1415 1728 claritatem
1444 1677 1508 1726 in
1536 1674 1949 1727 flauescentem
1977 1673 2307 1736 tincturam,
2340 1677 2462 1727 iam
2492 1675 2682 1727 indies

475 1750 662 1813 magis
680 1747 979 1813 magisque
997 1746 1385 1799 transmutare
1406 1746 1736 1811 incipiebat.

547 1818 854 1884 Subiungit
875 1834 1018 1871 mox
1037 1817 1376 1871 Haddaeus
1396 1818 1835 1883 Figurationem
1861 1817 2180 1882 quandam,
2208 1833 2328 1882 qua
2353 1819 2680 1882 exprimere

475 1890 615 1951 vult,
632 1890 934 1955 quomodo
949 1889 1079 1942 haec
1094 1889 1274 1942 Stella
1287 1905 1422 1942 cum
1435 1888 1619 1941 tribus
1632 1888 2040 1954 insignioribus
2055 1889 2391 1955 Cassiopeae,
2406 1889 2682 1955 Figuram

476 1961 968 2014 Rhomboidalem
998 1961 1336 2026 expresserit,
1369 1960 1541 2012 lineis
1570 1959 1709 2012 hinc
1737 1961 1874 2013 inde
1905 1976 1942 2012 a
1970 1960 2161 2012 Stellis
2190 1962 2449 2012 inuicem
2478 1957 2680 2021 ducii&

477 2033 690 2097 quibus
710 2035 889 2085 etiam
907 2031 1373 2097 intercapedines
1391 2032 1692 2097 assignarat
1701 2047 1714 2092 ;
1734 2032 1959 2084 Verum
1974 2034 2115 2096 quia
2128 2031 2230 2084 ista
2243 2031 2542 2084 denotatio
2558 2047 2681 2084 non

475 2103 608 2156 satis
632 2105 925 2156 concinna
947 2110 1086 2165 erat,
1113 2118 1222 2155 nec
1242 2102 1496 2155 Rhombi
1516 2102 1792 2168 Figuram
1814 2103 1965 2156 adeo
1988 2102 2261 2168 apposite,
2288 2109 2462 2168 prout
2485 2102 2680 2156 Stenae

475 2174 573 2227 hae
594 2190 730 2227 cum
744 2175 926 2227 Noua
947 2173 1410 2235 conformabant,
1431 2173 1897 2239 repraesentabat,
1919 2173 2100 2227 aliam
2119 2177 2181 2226 in
2200 2174 2349 2226 mihi
2368 2174 2682 2227 transmissa

476 2246 797 2299 Dialexeos
823 2248 1219 2312 recognitione
1247 2246 1710 2298 emendatiorem
1737 2245 2082 2306 delinearat;
2116 2245 2315 2298 addita
2347 2248 2524 2298 etiam
2550 2245 2679 2298 reli-

477 2320 624 2382 quiS‚
652 2318 963 2370 vndecima
990 2317 1094 2370 illa
1121 2317 1433 2378 minutula,
1463 2332 1647 2382 prope
1674 2332 1856 2381 quam
1882 2317 2065 2369 Noua
2092 2316 2356 2378 constitit3
2387 2317 2680 2369 distantias

477 2404 715 2453 quoque
735 2388 1057 2441 nonnullas
1077 2391 1140 2441 in
1159 2387 1272 2441 hac
1291 2388 1603 2453 posteriore
1624 2388 1999 2454 Figuratione
2024 2388 2273 2453 paulum
2293 2388 2584 2441 alterarat.
2605 2388 2680 2439 Vt

475 2476 617 2512 vero
643 2463 706 2512 in
732 2458 1039 2525 conspectu
1064 2459 1142 2521 fit,
1171 2476 1290 2525 qua
1316 2459 1680 2525 dispositione
1706 2459 1804 2511 ille
1831 2459 1960 2512 haec
1985 2461 2303 2520 innouarit‚
2332 2459 2680 2525 subiungam

475 2531 650 2596 ipfius
680 2531 1151 2596 designationem,
1183 2531 1392 2583 eadem
1419 2531 1634 2583 Forma
1664 2546 1784 2595 qua
1808 2533 1871 2582 in
1901 2531 2302 2583 emendatiore
2329 2531 2553 2596 Scripto
2583 2531 2677 2583 de-

474 2602 835 2667 pingebatur,
856 2619 1092 2667 vnaque
1111 2618 1428 2668 apponam,
1451 2602 1752 2667 quomodo
1767 2601 1896 2654 haec
1911 2602 2226 2654 delineatio
2240 2602 2561 2654 secundum
2574 2618 2678 2654 no-

474 2673 584 2726 stra
603 2676 865 2736 inuenta,
894 2675 1091 2739 quoad
1113 2674 1502 2727 consimilium
1522 2673 1837 2726 Stellarum
1857 2673 2322 2739 intercapedines
2347 2675 2676 2738 proueniat,

474 2751 535 2868 Et
554 2744 867 2869 cgllatilone
887 2744 1053 2885 sacha,
1075 2745 1468 2798 differentiola
1488 2745 1926 2810 qualiscunque,
1947 2745 2079 2799 licet
2094 2761 2166 2798 ea
2178 2747 2277 2797 vix
2290 2744 2678 2810 perceptibilis

517 2823 554 2879 t,
614 2819 751 2882 igno
778 2824 956 2869 catur.

2186 3454 2673 3509 DESIGNATIO

2733 767 2755 801 5

2738 1122 2779 1157 10

2737 1478 2778 1512 15

2731 1835 2777 1870 20

2730 2191 2775 2226 25

2729 2548 2775 2583 30
