2976 4264
175 1196 218 1232 10

636 313 1516 368 PROGYMNASMATUM
1542 313 1857 368 TERTIA
1883 315 2087 369 PARS
2374 317 2467 370 169

299 456 726 510 DISTANTIA
752 457 1011 510 NOUAE
1037 455 1354 510 STELLAE
1379 457 1436 508 A
1462 455 1951 520 QUIBUSDAM
1980 457 2431 511 CASSIOPEAE

575 539 818 593 IUXTA
844 539 1225 593 DIGGESEI
1252 538 1947 602 OBSERUATIONEM,
1975 540 2159 594 CUM

1005 622 1325 676 NOSTRA
1351 621 1726 676 COLLATA.

276 714 1986 930 -—
2047 765 2411 801 mmmmm

397 805 626 842 NOMINA
646 805 963 842 STELLARVM
1188 812 1448 848 DIGGESEI
1654 812 1693 847 N
1697 811 1883 847 OSTRAE
2174 852 2178 853 ⁷

1401 884 1458 919 M.

315 974 358 1047 Ξ
479 966 716 1021 Pectore

315 1050 359 1124 Ξ
481 1039 653 1092 Coxa
670 1039 771 1091 seu
790 1039 1020 1092 flexura

315 1088 418 1182 >g
482 1110 663 1162 Genu
682 1110 782 1162 seu
800 1111 1021 1176 poplite

316 1173 359 1259 ξ
376 1185 419 1230 <
481 1180 671 1233 Crure

307 1259 360 1315 ΓΙ
376 1228 419 1271 ³*
481 1252 646 1305 Sedis
665 1252 814 1317 pede

317 1335 360 1381 ³>
481 1323 688 1375 Medio
708 1323 965 1376 Ascensu

151 1462 239 1506 655
341 1453 622 1518 Hincque
651 1460 910 1519 apparet,
944 1453 1252 1506 discrimen
1280 1460 1585 1519 quaterna,
1614 1457 1696 1506 vti
1725 1454 1863 1515 dixi,
1896 1454 2151 1515 Minuta,
2184 1454 2476 1519 nusquam

181 1613 223 1648 15

182 2326 229 2361 25

185 3037 231 3073 35

186 3392 234 3427 40

270 1524 691 1578 transcendere.
714 1525 913 1578 Habet
933 1532 1133 1578 autem
1153 1525 1251 1578 ille
1271 1527 1334 1577 in
1354 1526 1631 1578 omnibus
1645 1525 1852 1586 stellis,
1875 1533 2116 1590 excepta
2128 1528 2318 1587 vnica,
2340 1541 2476 1590 quae

271 1599 436 1649 iuxta
448 1596 732 1662 poplitem
747 1597 838 1658 est,
858 1596 1117 1662 paucula
1131 1596 1420 1661 Scrupula
1432 1600 1631 1649 minus
1646 1612 1828 1662 quam
1841 1613 1968 1657 n08‚
1985 1597 2144 1662 quod
2157 1597 2326 1649 facile
2342 1612 2476 1649 eue-

272 1670 399 1720 nire
419 1670 622 1733 potuit,
644 1669 719 1721 ob
734 1668 1072 1721 Parallaxin
1087 1668 1262 1721 Oculi
1279 1671 1431 1720 inter
1447 1668 1883 1720 obseruandum
1905 1668 1998 1733 (de
2019 1684 2140 1733 qua
2158 1668 2396 1734 ipsemet
2414 1671 2478 1720 in

273 1739 438 1805 Radij
471 1737 829 1792 correctione
857 1740 1054 1805 postea
1082 1739 1220 1805 agit)
1253 1755 1378 1791 non
1408 1739 1542 1792 satis
1570 1740 1826 1805 apposite
1856 1739 2330 1792 administratam.
2364 1739 2477 1792 Sed

274 1813 454 1863 curin
466 1810 569 1863 illa
581 1810 705 1863 sola
719 1812 1003 1863 excessum
1017 1813 1355 1872 committat,
1377 1812 1626 1863 caussam
1640 1826 1764 1863 non
1776 1811 1973 1863 video:
1995 1811 2100 1863 nifi
2116 1811 2176 1863 id
2191 1811 2477 1863 Obserua-

273 1884 449 1934 tionis
481 1881 886 1935 ascribendum
917 1882 982 1934 fit
1011 1885 1276 1935 incuriae.
1309 1882 1672 1935 Existimauit
1698 1882 1905 1947 procul
1933 1882 2113 1935 dubio
2146 1881 2478 1948 Diggeseus,

274 1952 384 2006 has
407 1969 445 2006 a
465 1952 522 2005 se
546 1953 868 2019 propofitas
894 1953 1190 2006 distantias
1215 1956 1279 2006 in
1303 1953 1435 2019 ipfis
1455 1953 1757 2018 Scrupulis
1783 1952 1934 2006 recte
1961 1953 2241 2006 constare:
2270 1953 2322 2005 &
2347 1969 2478 2018 pro-

273 2022 422 2078 fecto
448 2031 739 2090 quantum
766 2041 871 2090 per
897 2025 1150 2078 Radium
1175 2024 1304 2077 fieri
1328 2028 1533 2090 potuit,
1563 2024 1900 2090 diligentem
1924 2027 1987 2076 in
2012 2025 2105 2077 his
2131 2025 2480 2089 capessendis

274 2099 524 2148 nauauit
543 2112 803 2161 operam.
823 2097 1359 2149 Verumenimuero
1380 2096 1541 2161 quod
1560 2096 1750 2161 ipsum
1770 2096 2093 2157 Minutum‚
2117 2103 2177 2148 vt
2198 2096 2479 2148 existima-

275 2170 377 2228 uit,
403 2183 528 2219 non
553 2170 816 2233 attigerit,
844 2167 1230 2229 ostendemuS,
1255 2168 1611 2233 inquirendo
1638 2183 1711 2220 ex
1736 2167 2032 2232 aliquibus
2057 2167 2257 2219 locum
2283 2167 2480 2219 Nouae

277 2238 488 2299 Stellae,
515 2238 779 2292 adhibita
803 2239 997 2291 nostra
1016 2240 1298 2292 Fixarum
1322 2238 1740 2300 verificatione‚
1768 2239 1959 2304 qualis
1984 2239 2252 2291 videlicet
2275 2238 2364 2290 bis
2386 2238 2482 2289 vel

276 2317 378 2372 ter,
406 2325 479 2362 ex
503 2309 678 2376 ipfius
699 2310 999 2377 Distantijs
1017 2314 1347 2376 proueniat,
1368 2310 1410 2362 fi
1429 2317 1568 2363 tunc
1586 2313 1650 2362 in
1669 2310 1790 2375 ipso
1811 2310 2100 2375 Scrupulo
2120 2309 2325 2374 fibiipfi
2345 2325 2480 2361 con-

275 2381 420 2434 sona
447 2381 621 2434 fuerit
651 2381 1179 2447 (quemadmodum
1207 2382 1416 2434 nostrae
1444 2381 1650 2446 septies
1678 2381 1781 2434 sub
1806 2382 2083 2433 incudem
2108 2380 2480 2433 Demonstra-

275 2455 452 2505 tionis
473 2452 526 2504 &
545 2453 993 2506 Numerationis
1014 2469 1139 2518 cap.
1160 2454 1210 2506 5.
1234 2453 1523 2518 expofitae,
1549 2452 1955 2517 praestiterunt)
1975 2455 2175 2516 vtique
2199 2451 2480 2503 distantiae

278 2527 405 2576 eius
419 2526 525 2576 rite
540 2525 616 2576 ad
629 2540 888 2590 vnguem
903 2524 960 2576 se
973 2524 1291 2577 habebunt.
1313 2524 1418 2577 Sin
1430 2539 1572 2576 vero
1587 2523 1971 2588 discrepantia
1983 2523 2186 2587 aliqua
2198 2522 2479 2583 inciderit,

277 2597 477 2647 minus
506 2593 726 2648 exactae
754 2596 1065 2648 necessario
1095 2598 1490 2648 inuenientur.
1522 2594 1700 2658 Quod
1724 2602 1785 2646 vt
1810 2597 2138 2659 promptius
2163 2600 2375 2659 pateat,
2405 2593 2481 2645 ad

277 2673 475 2718 ternas
500 2666 648 2727 illas,
676 2682 813 2718 cum
832 2667 1047 2731 quibus
1067 2667 1406 2718 Rhombum
1426 2665 1728 2726 efficiebat,
1756 2665 1965 2730 triplici
1985 2680 2223 2730 quoque
2243 2665 2480 2730 indaga-

277 2740 455 2798 tione,
477 2737 983 2801 quemadmodum
999 2740 1062 2789 in
1079 2737 1406 2790 nostrarum
1423 2737 1930 2801 intercapedinum
1948 2739 2386 2788 examinatione
2402 2735 2480 2787 fe-

279 2811 483 2869 cimuS,
503 2807 752 2873 idipsum
773 2808 1080 2873 explorare
1101 2808 1527 2874 aggrediemur:
1547 2807 1880 2872 vsurpando
1894 2806 1992 2860 hic
2006 2808 2257 2859 eandem
2270 2806 2481 2871 figura-

278 2882 518 2940 tionem,
540 2895 722 2944 quam
741 2879 1005 2944 superius
1020 2895 1145 2944 cap.
1160 2881 1210 2932 5.
1226 2881 1289 2930 in
1307 2878 1590 2931 consimili
1609 2881 1844 2944 negotio
1864 2878 2259 2930 adhibuimus
2282 2878 2482 2942 Sitque

278 2953 342 3002 in
363 2966 435 3002 ea
452 2958 513 3002 vt
537 2950 656 3002 illic
679 2965 917 3015 quoque
938 2950 985 3002 E
1005 2950 1183 3002 Polus
1202 2950 1463 3011 Zodiaci,
1489 2950 1546 3001 A
1567 2949 1790 3002 Lucida
1810 2949 2125 3002 Cathedrae
2147 2949 2481 3014 Cassiopeae.

281 3022 328 3074 B
349 3021 617 3074 Flexura.
639 3021 698 3073 D
719 3021 976 3074 Schedir.
999 3022 1050 3074 C
1070 3022 1268 3073 Noua.

351 3092 890 3157 Experimentando
920 3094 1093 3158 igitur
1120 3095 1394 3157 primum,
1426 3091 1705 3156 quorsum
1732 3091 1789 3143 se
1819 3094 2060 3156 recipiat
2088 3091 2285 3152 Noua,
2312 3090 2353 3142 fi
2379 3090 2482 3142 Di-

279 3163 514 3216 stantias
535 3167 662 3215 eius
682 3179 719 3216 a
738 3163 961 3215 Lucida
981 3162 1297 3216 Cathedrae
1317 3170 1494 3228 atque
1514 3163 1767 3215 Flexura
1786 3165 1951 3215 iuxta
1968 3162 2232 3228 Diggesei
2251 3177 2355 3226 per
2375 3162 2483 3213 Ra-

281 3235 447 3287 dium
474 3234 928 3287 Obseruationes
957 3233 1571 3299 praesupposuerimuS,
1601 3233 1990 3299 Triangulum
2015 3234 2184 3285 ABE
2214 3234 2287 3286 ab
2316 3235 2484 3284 initio

280 3305 382 3358 sub
409 3308 692 3358 trutinam
711 3305 1072 3366 vocabimus,
1098 3306 1196 3357 vbi
1215 3305 1328 3357 AE
1352 3321 1425 3358 ex
1448 3305 1879 3370 complemento
1901 3305 2250 3357 Latitudinis
2271 3303 2484 3356 Cathe-

282 3377 404 3429 drae
424 3384 582 3442 patet
601 3377 660 3429 P.
676 3377 761 3430 38.
779 3374 815 3442 Ι.
830 3377 945 3431 451.
967 3377 1037 3429 Et
1057 3376 1161 3428 BE
1181 3377 1590 3442 complement.
1613 3376 1963 3428 Latitudinis
1983 3376 2252 3428 Flexurae
2269 3376 2341 3426 41.
2360 3373 2395 3440 l.
2411 3375 2484 3425 14.

424 3459 471 3494 22
2416 3446 2486 3496 Et
