2976 4264
769 320 1002 374 ASTR.
1030 321 1244 375 INST.
1272 316 2067 373 PROGYMNASMATA

311 460 476 498 Calculi
495 460 746 506 Alphonsmi
760 462 795 497 &
809 461 1070 507 Copernicaei
1091 474 1188 499 cum
1203 463 1282 509 Ty-

359 508 539 545 chonico
566 508 734 545 collatio
754 510 811 545 73.
837 510 1068 546 eorundem
1096 509 1140 546 in
1166 514 1282 547 rnotu

359 555 468 592 Solis
489 556 658 592 collatio
1312 556 1379 604 103

311 603 578 639 Camerarius
1308 604 1378 639 332

311 650 476 696 Canopi
496 650 693 686 australes
712 654 794 687 tres
1308 652 1378 688 544

311 698 497 743 Capellae
518 698 638 734 locus
661 709 776 734 anno
799 699 900 734 1572.
1308 699 1378 736 702

310 746 532 782 Cardanus
553 746 610 781 69.
635 746 711 781 146.
732 747 812 781 326.
833 747 914 781 596.
936 747 988 782 de
1002 746 1186 782 Cometis
1201 748 1282 783 652.

357 792 450 829 eius
464 792 771 829 observationes
782 793 972 830 ridiculae
988 795 1064 830 146.
1079 794 1283 830 excusatio
1313 794 1379 830 147

310 841 490 877 Carolus
512 841 724 876 Danzaeus
1309 842 1380 878 578

310 888 462 933 Caspar
491 889 697 924 Peucerus
726 888 807 924 504.
837 889 917 924 534.
950 888 1042 924 eius
1071 888 1200 925 literae
1230 890 1284 925 ad

357 935 588 980 Volphium
609 936 689 971 535.
711 936 766 971 ad
787 936 1099 982 Landgravium
1309 937 1379 973 605

311 982 501 1028 Caspai-is
529 982 698 1019 Peuceri
728 983 844 1028 Casp.
876 984 916 1019 F.
946 983 998 1020 de
1028 995 1139 1020 nova
1171 984 1284 1020 stella

358 1030 530 1076 quaestio
1310 1033 1381 1068 618

311 1077 496 1114 Cassellis
524 1077 699 1114 altitudo
721 1077 808 1114 Poli
834 1079 891 1114 47.
911 1079 993 1115 493.
1014 1079 1095 1115 505.
1116 1079 1196 1115 603.
1224 1090 1284 1115 re-

357 1123 499 1162 frac‘tio
520 1128 678 1171 quanta
697 1127 758 1162 47.
780 1125 956 1162 altitudo
977 1126 1170 1172 castigata
1310 1127 1380 1163 615

310 1173 537 1218 Cassiopeae
557 1172 698 1219 imago
712 1174 793 1209 315.
814 1173 1001 1210 fabulosa
1015 1175 1095 1210 717.
1118 1173 1285 1210 historia

357 1221 438 1256 307.
455 1220 722 1266 Mythologia
735 1222 816 1257 308.
832 1220 1088 1258 constellatio
1099 1221 1143 1258 in
1155 1222 1285 1267 plano

357 1269 438 1304 314.
460 1268 505 1303 in
525 1268 755 1313 Cassiopaea
776 1279 831 1304 an
851 1269 993 1314 plures
1015 1270 1153 1305 Stellae
1310 1270 1380 1306 732

310 1316 508 1360 Cepheus
1309 1318 1380 1353 307

310 1362 582 1399 Certitudinis
604 1366 900 1409 argumentum
1309 1366 1380 1402 388

310 1411 610 1447 Chaldaeorum
632 1411 684 1447 de
707 1411 891 1447 Cornetis
912 1411 1111 1448 sententia
1309 1413 1380 1448 753

310 1458 459 1494 Christi
480 1458 686 1494 adventus
706 1458 851 1504 triplex
872 1460 953 1495 718.
974 1459 1105 1505 Signa
1309 1461 1375 1496 611

310 1505 459 1542 Christi
479 1506 651 1542 Genesis
1309 1509 1379 1543 326

293 1554 441 1594 'Chus,
462 1553 599 1589 Cham
1309 1556 1380 1591 309

310 1600 567 1646 Chymicum
587 1600 812 1637 artificium
1313 1604 1380 1638 149

310 1649 532 1694 Chytraeus
554 1648 598 1684 in
618 1659 730 1684 nova
750 1649 877 1684 Stella
895 1648 1177 1686 Aristotelicus
1201 1650 1282 1686 714.

356 1696 448 1732 eius
479 1696 531 1732 de
559 1695 822 1732 Astronomia
850 1696 1091 1733 existimatio
1123 1698 1204 1733 716.
1236 1709 1284 1733 ex

359 1754 470 1780 nova
490 1743 603 1779 stella
622 1744 797 1788 pulchre
818 1742 994 1780 dedueta
1010 1744 1284 1782 commonitio

358 1792 439 1827 715.
460 1790 651 1827 refutatio

312 1838 529 1876 Cichoreae
550 1841 710 1874 naturae
1309 1841 1380 1876 747

313 1885 540 1922 Claudiani
560 1885 674 1922 stella
694 1887 774 1922 605.
795 1886 916 1922 locus
1203 1888 1284 1923 542.
1311 1889 1382 1924 537

314 1934 478 1970 Caelum
504 1933 767 1970 immutabile
793 1935 874 1970 318.
900 1934 1045 1980 recipit
1068 1945 1178 1971 nova
1198 1946 1285 1972 cor·

359 1992 463 2027 pora
1311 1984 1377 2019 541

314 2029 419 2065 Caeli
439 2028 611 2065 materia
634 2028 772 2075 qualis
792 2029 1022 2065 secundum
1039 2030 1286 2075 Tychonem

360 2077 441 2112 641.
462 2087 558 2122 quae
579 2076 756 2112 essentiae
776 2076 1006 2113 secundum
1022 2077 1184 2113 Moisen
1203 2079 1285 2114 624.

359 2123 541 2170 partium
573 2123 841 2170 inaequalitas
873 2125 954 2161 573.
988 2126 1037 2160 In
1067 2126 1171 2162 caelo
1201 2137 1286 2171 quo

360 2169 479 2217 paeto
499 2171 662 2217 aliquid
682 2171 949 2217 corruptibile

1309 1793 1380 1828 713

1310 2174 1382 2209 409

314 2219 526 2256 Columna
545 2219 744 2255 flammea
765 2219 1038 2256 Israelitarum
1059 2219 1104 2255 in
1125 2220 1219 2256 aere
1311 2222 1381 2258 784

314 2267 488 2303 Cometa
507 2266 608 2302 Rosa
1311 2269 1382 2305 768

314 2315 488 2351 Cometa
508 2314 611 2350 anni
634 2315 725 2350 1556
1204 2316 1286 2352 714.
1312 2318 1383 2352 556

314 2363 499 2398 Cometae
525 2362 761 2408 plerunque
786 2361 860 2398 toti
879 2361 971 2398 orbi
990 2363 1074 2398 fere
1092 2362 1287 2399 videntur

361 2410 442 2445 781.
463 2409 549 2445 fine
569 2410 705 2445 cauda
725 2420 810 2455 qua
830 2410 882 2446 de
902 2410 1024 2446 causa
1040 2411 1121 2446 752.
1142 2422 1197 2446 an
1212 2410 1286 2447 ali-

362 2456 435 2503 qui
460 2456 533 2493 sub
560 2457 680 2492 Luna
705 2458 785 2492 511.
812 2456 857 2492 in
884 2458 988 2493 caelo
1014 2459 1095 2494 399.
1123 2458 1287 2494 variant

362 2505 443 2540 723.
458 2504 544 2540 fine
558 2507 674 2540 motu
689 2505 770 2540 752.
786 2505 839 2540 ab
854 2504 1065 2541 Aristotele
1079 2505 1287 2542 nominati

362 2553 443 2588 693.
465 2562 638 2596 corpora
657 2551 749 2587 sunt
768 2552 983 2597 perspicua
1003 2563 1090 2588 non
1104 2553 1285 2599 flagran-

361 2599 419 2635 tia
444 2600 525 2635 646.
553 2598 793 2635 immobiles
819 2600 900 2635 607.
931 2600 1017 2636 line
1042 2601 1179 2637 cauda
1204 2601 1285 2637 607.

363 2657 418 2682 an
444 2646 606 2692 aliquid
633 2646 866 2692 fignificent
884 2648 965 2683 543.
991 2650 1033 2683 vt
1054 2648 1286 2692 plurimum

363 2697 614 2740 generantur
633 2693 744 2729 iuxta
764 2694 982 2730 Galaxiarn
1311 2696 1382 2732 796

316 2742 490 2778 Cometa
509 2741 629 2786 supra
648 2742 853 2777 Venerem
873 2742 953 2777 783.
980 2752 1068 2777 non
1093 2742 1171 2778 fuit
1192 2743 1285 2778 Em-

362 2789 502 2834 phafis
522 2788 666 2834 aliqua
1311 2791 1377 2826 651

316 2837 490 2872 Cometa
520 2835 818 2871 Albumassaris
851 2835 896 2871 in
929 2836 1101 2881 Sphaera
1138 2838 1167 2879 ῼ
1204 2838 1284 2873 590.

364 2883 684 2929 Regiomontani
703 2884 784 2919 626.
804 2883 876 2919 sub
899 2884 1067 2920 Nerone
1311 2886 1381 2921 712

317 2931 490 2967 Cometa
511 2930 643 2967 Procli
661 2930 782 2976 supra
803 2932 944 2966 Iovem
1104 2932 1184 2967 619.
1205 2933 1285 2968 625.
1311 2933 1382 2968 626

317 2979 586 3014 cometarum
607 2989 704 3014 cum
725 2977 848 3014 stellis
864 2978 1138 3015 connexionis
1152 2990 1286 3015 exem-

363 3026 435 3071 pla
460 3026 541 3061 747.
570 3025 734 3061 duratio
760 3026 840 3061 407.
868 3026 1036 3070 Species
1062 3026 1286 3063 duodecim

366 3072 501 3108 Plinio
527 3073 608 3108 782.
641 3072 769 3108 variae
794 3072 962 3118 Species
991 3074 1072 3109 607.
1097 3075 1178 3110 646.
1205 3075 1286 3110 752.

364 3119 518 3166 species
545 3119 816 3156 accidentalis
846 3121 926 3156 652.
957 3121 1144 3166 genuina
1172 3121 1287 3167 regio

364 3169 445 3204 571.
466 3167 696 3213 significata
715 3168 795 3203 646.
815 3167 971 3212 praevia
991 3168 1106 3214 signa
1122 3169 1203 3204 644.
1224 3179 1286 3205 or-

364 3218 432 3251 tus
453 3215 585 3251 causae
606 3215 686 3250 513.
708 3215 845 3251 cauda
864 3226 889 3250 a
909 3215 1006 3251 Sole
1026 3216 1164 3252 aversa
1184 3216 1287 3262 quid

365 3263 417 3298 de
431 3273 577 3298 eorum
591 3262 758 3298 essentia
771 3261 931 3298 testetur
942 3264 1022 3298 651.
1038 3263 1174 3300 cauda
1184 3263 1287 3310 quid

365 3310 446 3345 714.
468 3321 523 3345 an
537 3320 583 3345 ex
597 3309 716 3346 radio
730 3309 839 3346 Solis
853 3308 1023 3347 τεὴ-8610
1037 3311 1117 3347 607.
1138 3314 1287 3347 natura

365 3358 446 3393 399.
460 3357 541 3393 607.
562 3360 700 3393 motus
715 3368 770 3393 an
783 3358 930 3402 prodat
942 3358 1085 3394 locum
1099 3359 1180 3394 512.
1194 3369 1286 3404 pro-

365 3404 504 3449 prium
525 3404 683 3440 moveri
702 3405 782 3440 405.
804 3404 987 3441 stationis
1008 3405 1129 3442 causa
1311 3407 1377 3441 441

2412 322 2517 375 325

1451 460 1646 495 Cometas
1661 459 1765 506 quid
1778 459 1909 506 privet
1922 462 2059 498 cauda
2071 463 2153 498 649.
2168 462 2212 499 in
2226 463 2331 500 caelo
2344 463 2422 500 eBe

1498 507 1697 543 sententia
1710 511 1828 544 vetus
1842 509 1923 545 571.
1938 508 2046 546 infra
2057 510 2221 547 Lunam
2233 522 2307 548 cur
2317 512 2420 548 Aea-

1499 554 1652 591 demici
1672 555 1842 592 credant
2447 561 2518 595 626

1451 602 1503 637 de
1524 602 1709 638 Cometis
1729 602 1919 640 ridiculoe
1938 607 2124 641 veterum
2144 605 2368 651 opiniones
2448 608 2518 643 540

1451 650 1811 687 commensuratio
1831 651 1997 688 orbium
2018 653 2194 698 pulchra
2447 655 2517 691 474

1452 695 1704 734 coniunfflo
1725 709 1882 744 magna
1900 700 1981 735 650.
2003 700 2186 736 maxima

1452 743 1810 782 Coniund‘tionum
1843 747 2120 784 maximarum
2153 748 2280 784 hodie
2312 759 2423 786 nova

2447 703 2518 739 650

1499 792 1697 837 periodus
2448 797 2518 833 718

1452 839 1712 885 Copernicus
1730 842 1782 877 10.
1799 842 1851 877 12.
1870 842 1922 878 17.
1937 843 1994 878 33.
2008 843 2065 878 38.
2080 843 2136 879 39.
2155 844 2231 879 139.
2246 844 2327 879 209.
2341 845 2422 880 253.

1499 887 1728 924 realitatem
1748 889 1915 925 orbium
1935 889 2068 926 statuit
2448 893 2518 928 439

1452 935 1713 979 Copernicus
1725 939 1763 972 et
1773 937 1999 973 Wernerus
2011 938 2226 983 quomodo
2236 938 2339 975 fixas
2350 939 2422 975 ob-

1499 982 1747 1019 servaverint
1764 984 1841 1020 147.
1862 985 1914 1020 de
1929 985 2038 1021 Solis
2053 985 2255 1022 diametro
2268 987 2349 1022 471.
2371 987 2423 1022 de

1501 1029 1794 1075 magnitudine
1814 1031 1923 1068 Solis
1943 1033 1979 1068 &
1999 1033 2130 1068 Lunae
2150 1034 2230 1069 466.
2255 1033 2422 1080 castiga-

1499 1080 1567 1113 tus
1588 1077 1632 1113 in
1653 1078 1844 1115 Theoriae
1867 1080 1976 1115 Solis
1997 1080 2257 1117 dimensione
2473 1083 2519 1118 33

1453 1124 1677 1170 Copernici
1703 1125 1972 1163 instrumenta
1997 1127 2121 1164 rudia
2145 1129 2202 1164 36.
2231 1127 2424 1165 trafiatus

1501 1173 1552 1208 de
1566 1173 1867 1218 hypothesibus
1881 1175 1961 1210 479.
1983 1175 2027 1210 in
2043 1176 2163 1211 Luna
2176 1176 2424 1221 hypotheses

1502 1220 1764 1257 Ptolemaicis
1790 1222 1973 1266 praelatae
1999 1224 2080 1259 423.
2108 1223 2346 1268 Speculatio
2373 1224 2424 1259 de

1500 1267 1677 1304 fixarum
1705 1268 1907 1315 inaequali
1932 1273 2048 1306 motu
2072 1269 2220 1307 reiedta
2239 1272 2320 1307 255.
2348 1271 2423 1317 hy-

1499 1316 1734 1360 pothesium
1749 1317 1920 1353 censura
1933 1318 1991 1362 ph
2024 1318 2105 1355 fica
2117 1319 2199 1354 488.
2220 1319 2423 1364 hypothe—

1499 1362 1560 1398 ses
1585 1363 1751 1399 veturtae
1777 1365 1859 1400 406.
1887 1329 2059 1409 rejegae,
2085 1365 2254 1402 ibidem.
2279 1369 2424 1402 taxatae

1500 1411 1580 1446 295.
1591 1411 1672 1447 403.
1689 1412 1996 1457 Hypothefiurn
2008 1413 2237 1449 absurditas
2251 1415 2332 1450 685.
2343 1415 2424 1450 549.

1501 1458 1553 1494 de
1573 1457 1625 1502 ijs
1646 1458 1852 1495 iudicium
1867 1459 1911 1495 in
1925 1463 2146 1506 utramque
2165 1464 2323 1507 partem
2344 1463 2424 1498 661.

1500 1505 1552 1541 de
1566 1506 1751 1542 Cometis
1764 1507 1966 1543 sententia
1977 1509 2012 1543 ἀ
2022 1508 2074 1544 de
2088 1512 2204 1544 motu
2220 1509 2327 1545 aeris
2341 1510 2423 1545 406.

1499 1564 1687 1589 errorum
1714 1553 1758 1589 in
1784 1554 1920 1599 prima
1942 1555 2081 1591 arietis
2108 1556 2231 1592 causa
2256 1558 2337 1593 227.
2364 1568 2425 1593 er-

1499 1611 1613 1637 rores
1641 1600 1685 1636 in
1712 1604 1828 1637 motu
1855 1601 1900 1646 G)
1926 1603 2102 1639 excusati
2131 1605 2208 1640 103.
2237 1615 2425 1640 errorum

1500 1648 1545 1683 in
1566 1653 1682 1684 motu
1703 1648 1748 1693 O
1769 1649 1902 1686 causae
2473 1653 2520 1688 34

1452 1695 1676 1732 Cornelius
1684 1696 1868 1742 Agrippa
1883 1698 1934 1733 de
1949 1698 2117 1734 duobus
2131 1698 2311 1744 planetis
2326 1698 2422 1743 alijs

1499 1744 1580 1779 599.
1600 1743 1692 1780 eius
1712 1744 1832 1781 locus
2448 1747 2514 1783 601

1453 1790 1676 1827 Cornelius
1691 1792 1871 1828 Gemma
1890 1793 1971 1828 553.
1991 1792 2084 1829 eius
2099 1793 2150 1830 de
2165 1793 2246 1830 Dei
2260 1793 2421 1839 appari-

1498 1838 1613 1874 tione
1631 1839 1831 1875 sententia
1845 1840 2105 1885 repraehensa
2124 1842 2205 1877 564.
2225 1841 2363 1886 lapsus
2377 1841 2422 1877 in

1502 1885 1676 1922 nomine
1696 1886 1820 1923 stellae
2342 1890 2422 1925 553.
2449 1890 2519 1925 558

1454 1933 1679 1970 Cornelius
1699 1934 1992 1980 Frangipanus
2013 1935 2064 1971 de
2085 1947 2196 1972 nova
2215 1935 2329 1972 stella
2449 1937 2519 1972 740

1454 1980 1603 2017 Crines
1623 1981 1668 2017 in
1689 1982 1873 2018 Cometis
1894 1982 1998 2028 quid
2450 1985 2519 2020 599

1454 2028 1654 2074 Cruciger
2449 2033 2520 2068 622

1454 2076 1702 2121 Cuspiniani
1721 2077 1842 2114 locus

1455 2123 1695 2170 Cyprianus
1716 2124 1928 2161 Leovitius
1948 2126 2029 2161 534.
2044 2127 2125 2162 531.
2139 2127 2220 2162 616.
2241 2127 2293 2163 de
2314 2138 2424 2163 nova

1502 2171 1616 2208 stella
1641 2173 1721 2208 705.
1748 2173 1800 2208 de
1826 2172 2067 2218 significatis
2088 2173 2319 2210 caelestibus
2340 2186 2423 2211 cre-

1502 2219 1656 2255 dulitas
1677 2221 1758 2256 709.
1778 2220 2057 2266 manuscripta
2077 2221 2151 2257 ubi
2170 2222 2327 2258 lateant
2342 2223 2422 2258 708.

2450 2081 2520 2115 543

1501 2267 1596 2303 laus
1616 2268 1697 2303 708.
1718 2267 1936 2313 diligentia
1954 2269 2200 2314 praepostera
2450 2271 2520 2306 708

1455 2314 1717 2361 Cyprianum
1738 2326 1812 2352 cur
1830 2318 1937 2351 taxet
1956 2317 2102 2362 Tycho
2450 2318 2520 2353 709

1953 2397 2018 2440 D.

1455 2456 1607 2493 Daniae
1634 2456 1795 2502 imperij
1822 2458 1956 2493 forma
1982 2458 2066 2494 alia
2086 2469 2214 2504 quarn
2236 2458 2423 2495 Bodinus

1501 2504 1638 2549 prodit
2450 2508 2516 2543 711

1455 2551 1647 2588 Danielis
1667 2552 1788 2588 locus
2448 2555 2519 2591 718

1455 2599 1594 2635 David
1608 2599 1831 2644 Chytraeus
1851 2600 2035 2636 hortator
2052 2600 2106 2636 ad
2118 2600 2423 2637 Astronomiam
2449 2603 2519 2638 712

1456 2646 1649 2682 Diarium
1668 2647 1884 2692 Tychonis
2449 2650 2520 2686 578

1455 2693 1558 2729 Dies
1596 2693 1825 2730 artificialis
1863 2694 2021 2739 semper
2057 2695 2223 2741 longior
2255 2699 2426 2741 apparet

1502 2752 1630 2787 quain
1652 2752 1676 2776 a
1697 2741 1861 2778 calculo
1881 2741 2096 2778 exhibetur
2473 2745 2520 2780 95

1455 2788 1685 2834 Diggeseus
1717 2788 1940 2833 Copernici
1972 2790 2159 2827 defensor
2189 2791 2270 2826 661.
2302 2791 2424 2836 plura

1500 2835 1721 2881 pollicetur
1734 2837 1814 2872 675.
1835 2836 1927 2872 eius
1942 2836 2143 2874 distantiae
2158 2849 2280 2875 novae
2294 2849 2319 2875 a
2331 2838 2423 2875 fixis

1501 2884 1582 2919 654.
1602 2883 1736 2920 libelli
1758 2894 1854 2929 pars
2450 2887 2520 2923 673

1456 2930 1724 2976 Dioptrarum
1745 2931 2014 2977 antiquarum
2035 2931 2353 2970 incommodum
2450 2935 2521 2970 603

1455 2978 1682 3014 Divifionis
1702 2979 1978 3015 transversalis
1999 2982 2118 3016 autor
2450 2982 2516 3018 671

1456 3026 1645 3062 Durerus
2450 3029 2521 3065 766

1956 3107 2020 3151 E.

1458 3168 1637 3213 Eclipses
1658 3167 1885 3214 quotannis
1906 3171 2008 3214 quot
2450 3172 2521 3207 328

1458 3215 1669 3261 Eclipticae
1695 3215 1877 3252 maxima
1898 3216 2136 3253 Declinatio
2156 3217 2271 3253 unde
2297 3217 2425 3254 habe-

1503 3266 1595 3299 atur
1624 3264 1676 3299 17.
1709 3263 1790 3300 hoc
1817 3263 1955 3300 seculo
1980 3264 2178 3309 superiori
2203 3265 2342 3302 seculo
2372 3266 2425 3302 17.

1501 3310 1643 3347 vitiose
1662 3322 1710 3347 ex
1730 3310 1917 3356 Solstitijs
1941 3312 1994 3348 17.
2015 3322 2070 3347 an
2091 3311 2193 3348 olim
2212 3315 2327 3348 tanta
2343 3314 2425 3349 246.

1501 3358 1717 3394 variabilis
1753 3359 1830 3394 101.
1866 3359 2160 3396 declinationis
2191 3360 2336 3396 tabula
2367 3361 2424 3396 81.

1501 3406 1682 3451 partium
1703 3406 1927 3443 declinatio
1948 3408 2163 3453 quomodo
2181 3410 2424 3453 computan-

2308 3456 2384 3509 da
2407 3457 2516 3508 100.
