2976 4264
494 317 586 368 410
1034 309 1725 363 ANNoTATIONEs
1753 275 2158 361 ED1TORIS

495 452 951 499 observationibus
978 451 1262 494 convenire
1289 451 1757 493 demonstraretur.
1791 448 1908 491 Hac
1935 448 2155 498 ratione,
2187 447 2350 490 etiam
2377 447 2528 490 nullis
2556 448 2699 490 adhi-

495 526 612 569 bitis
642 524 874 574 calculis,
906 522 1229 576 deprehendi
1257 521 1565 575 potuissent,
1597 520 1639 562 si
1668 519 1720 562 in
1748 519 2086 573 supputando
2115 520 2199 561 vel
2231 519 2567 562 observando
2596 519 2699 575 (vel

494 596 667 650 potius
699 595 751 636 in
783 595 1255 636 instrumentorum
1288 591 1626 645 discriptione
1660 591 1940 634 oculorum
1976 590 2091 632 acie
2129 589 2473 646 inspicienda)
2511 602 2699 644 graves

494 678 716 717 errores,
757 664 845 719 qui
881 665 949 707 ad
990 664 1064 706 10¹
1101 664 1286 718 plusve
1326 663 1657 714 accederent,
1697 661 1970 705 commissi
2004 664 2192 704 essent.
2234 661 2385 704 Nunc
2416 672 2544 704 vero
2575 673 2699 704 cum

493 736 758 792 Tychonis
785 737 1057 789 catalogus
1083 734 1208 776 nihil
1237 733 1378 776 aliud
1405 746 1568 788 quam
1596 735 2005 776 monumentum
2032 732 2098 774 ab
2128 732 2436 786 antiquitate
2457 732 2698 775 relictum

496 812 653 862 atque
673 808 830 850 index
851 807 1124 849 stellarum
1146 805 1212 847 ab
1234 805 1321 848 illo
1344 805 1751 848 observatarum
1771 804 2050 846 habendus
2069 803 2150 855 sit,
2173 803 2326 846 nobis
2342 803 2700 847 correctiones

495 891 737 923 errorum
759 891 790 921 a
810 877 962 921 nobis
982 879 1207 930 repertae
1228 888 1335 919 non
1355 876 1407 918 in
1426 876 1542 930 Ipso
1564 877 1807 930 catalogo
1828 875 2092 929 ponendae
2114 886 2228 918 esse
2249 874 2379 917 visae
2406 878 2542 926 sunt,
2571 878 2622 917 et
2648 874 2700 916 in

494 951 574 993 his
593 953 800 993 tantum
822 948 1251 992 annotationibus
1273 959 1363 990 eas
1385 947 1642 990 dedimus.
1668 946 1850 1000 Neque
1872 946 2112 990 omnium
2133 958 2375 989 errorum
2398 958 2430 988 a
2449 945 2602 989 nobis
2618 946 2701 988 de-

494 1022 879 1076 prehensorum
909 1031 1100 1063 causas
1129 1018 1443 1073 investigare
1469 1018 1782 1069 studuimus,
1816 1017 1858 1060 si
1893 1018 2107 1071 quando
2137 1029 2243 1060 non
2274 1017 2453 1060 statim
2482 1016 2703 1059 inveniri

495 1095 718 1147 poterat,
750 1104 854 1146 qua
885 1090 1256 1135 observatione
1286 1089 1430 1132 nisus
1459 1090 1640 1133 locum
1668 1090 1835 1132 stellae
1860 1089 2044 1143 Tycho
2074 1088 2367 1142 reperisset.
2402 1088 2546 1139 Quas
2573 1099 2701 1131 vero

495 1163 895 1218 supputationes
923 1161 1256 1213 instituimus,
1289 1161 1479 1203 eadem
1509 1172 1726 1214 prorsus
1752 1160 1972 1212 ratione,
2005 1172 2110 1214 qua
2135 1160 2318 1214 Tycho
2345 1159 2549 1214 egisset,
2581 1171 2702 1202 con-

496 1235 735 1286 fecimus,
770 1233 1133 1287 obliquitatem
1166 1231 1432 1286 Eclipticae
1464 1231 1546 1274 230
1565 1231 1704 1283 31‘.⁵,
1743 1243 2006 1275 annorum
2038 1242 2167 1274 vero
2204 1231 2257 1273 12
2289 1231 2702 1285 praecessionem

500 1306 618 1349 10¹.0
638 1305 978 1348 aestimantes.

556 1378 865 1431 Catalogum
886 1376 1159 1419 stellarum
1175 1374 1540 1417 examinantes
1555 1373 1729 1416 minus
1744 1373 2054 1428 perfectam,
2080 1386 2242 1428 quam
2257 1373 2701 1428 exspectavimus,

496 1461 620 1492 eum
646 1460 743 1491 nos
770 1447 1027 1502 reperisse
1049 1446 1380 1489 confitemur.
1411 1446 1543 1488 Cum
1570 1445 1711 1487 enim
1731 1445 1785 1487 in
1805 1445 1938 1488 Solis
1960 1445 2127 1488 Lunae
2154 1445 2595 1499 planetarumque
2617 1444 2705 1487 ob-

495 1519 881 1563 servationibus
903 1529 1120 1561 omnem
1145 1529 1333 1560 curam
1352 1516 1535 1570 Tycho
1564 1516 1876 1567 adhibuerit,
1904 1519 1962 1558 ut
1989 1528 2151 1570 quam
2178 1516 2489 1559 certissimae
2517 1515 2706 1558 evade-

496 1594 626 1643 rent,
648 1590 879 1632 fixarum
899 1591 1172 1632 stellarum
1195 1587 1594 1631 observationes
1615 1587 1820 1630 minore
1842 1587 2104 1642 diligentia
2118 1588 2411 1641 exploratae
2426 1587 2705 1640 minusque

500 1664 750 1705 accurate
778 1661 846 1704 ad
873 1661 1106 1704 calculos
1133 1662 1344 1703 vocatae
1372 1671 1486 1702 esse
1512 1658 1771 1702 videntur.
1802 1658 2065 1702 Memoria
2093 1661 2271 1701 autem
2297 1659 2585 1701 tenendum
2609 1660 2702 1708 est,

501 1733 755 1788 quamdiu
787 1744 912 1775 vere
948 1732 1291 1774 »inerrantes«
1331 1731 1497 1773 stellae
1534 1730 1872 1781 haberentur,
1912 1730 2190 1772 minimam
2228 1729 2389 1772 fuisse
2425 1730 2703 1780 rationem,

502 1817 607 1859 qua
627 1805 747 1847 loca
768 1815 954 1847 earum
975 1803 1285 1857 scrupulose
1305 1806 1361 1844 ut
1382 1801 1637 1852 definiret,
1664 1801 1850 1855 aliquis
1872 1801 2205 1844 commoveri
2224 1804 2419 1855 posset,
2441 1801 2485 1844 si
2503 1812 2706 1855 paucas

501 1875 735 1930 excipias
755 1876 934 1918 stellas
954 1885 1120 1928 prope
1135 1874 1427 1917 Zodiacum
1446 1872 1589 1924 sitas,
1613 1884 1749 1926 quae,
1771 1875 1828 1914 ut
1843 1874 2178 1927 planetarum
2193 1875 2370 1916 motus
2385 1872 2705 1923 definiretur,

502 1946 917 2001 comparationis
939 1958 1102 1989 causa
1124 1944 1525 1988 adhibebantur.
1557 1944 1740 1998 Neque
1768 1947 1890 1986 ante
1913 1943 2149 1987 medium
2169 1945 2430 1987 saeculum
2450 1943 2616 1986 XVIII
2637 1943 2708 1986 in-

502 2019 772 2061 tellectum
802 2020 895 2068 est,
926 2028 1033 2059 non
1062 2017 1237 2060 solum
1262 2016 1315 2058 in
1342 2016 1461 2059 Sole
1489 2015 1640 2057 Luna
1666 2015 1994 2069 planetisque
2022 2018 2455 2058 astronomorum
2486 2026 2708 2069 operam

504 2101 618 2133 esse
650 2089 970 2143 ponendam.
1001 2088 1184 2142 Tycho
1215 2090 1394 2130 autem
1426 2085 1670 2141 quamvis
1701 2087 1994 2140 optandum
2024 2097 2140 2129 esse
2169 2089 2422 2138 censeret,
2453 2089 2511 2128 ut
2539 2097 2709 2129 novus

505 2161 776 2203 stellarum
798 2160 1070 2214 catalogus
1091 2158 1459 2210 conficeretur,
1482 2169 1589 2201 non
1608 2161 1790 2200 tamen
1810 2160 1958 2200 tanto
1975 2158 2165 2201 ardore
2179 2158 2232 2200 in
2246 2158 2349 2200 hoc
2365 2157 2539 2200 studio
2555 2168 2711 2212 agere

504 2231 737 2286 potuisse
763 2231 985 2282 videtur,
1017 2233 1215 2284 quanto
1241 2230 1295 2272 in
1320 2229 1481 2272 stellis
1509 2228 1804 2272 errantibus
1831 2228 2197 2272 examinandis
2226 2241 2322 2283 per
2345 2231 2517 2272 totam
2543 2228 2710 2271 vitam

506 2302 620 2357 egit.

566 2374 644 2416 De
665 2372 1110 2427 magnitudinibus
1130 2373 1401 2415 stellarum
1421 2371 1524 2414 vid.
1546 2374 1675 2415 tom.
1699 2372 1744 2413 II
1766 2383 1814 2425 p.
1837 2371 1918 2414 451
1944 2371 2141 2428 (annot.
2165 2371 2234 2414 ad
2253 2383 2303 2426 p.
2325 2371 2487 2428 258,1).
2515 2372 2711 2414 Puncta

507 2447 687 2487 autem
711 2458 720 2487 :
744 2447 794 2486 et
817 2477 844 2496 .,
877 2456 996 2498 quae
1027 2443 1079 2486 in
1107 2443 1662 2497 Progymnasmatum
1695 2443 1940 2497 catalogo
1970 2442 2342 2497 magnitudinis
2371 2454 2595 2486 numero
2627 2442 2713 2485 ali-

508 2518 635 2570 quot
661 2515 791 2558 locis
818 2515 998 2558 addita
1023 2518 1159 2567 sunt,
1189 2515 1381 2557 absunt
1407 2527 1439 2557 a
1467 2514 1720 2569 catalogis
1747 2526 1912 2557 manu
1937 2513 2144 2568 scriptis
2170 2513 2304 2557 sicut
2331 2514 2492 2557 etiam
2519 2514 2586 2557 ab
2611 2513 2714 2556 edi-

505 2587 647 2630 tione
669 2586 880 2640 Kepleri
899 2586 970 2643 (in
996 2585 1220 2628 Tabulis
1239 2584 1643 2642 Rudolphinis).

567 2657 878 2700 Addidimus
893 2657 1118 2711 denique
1134 2658 1267 2700 duas
1282 2658 1576 2709 columnas,
1592 2656 1645 2698 in
1661 2656 1848 2710 quibus
1864 2656 2197 2699 Flamsteedii
2209 2668 2492 2699 numerum
2509 2655 2715 2710 Bayeri-

510 2740 610 2783 que
637 2728 866 2771 litteram
887 2728 1077 2783 cuique
1098 2730 1265 2771 stellae
1287 2727 1637 2783 appinximus.
1668 2727 1786 2771 Hoc
1813 2728 2016 2771 fecerat
2030 2728 2143 2782 jam
2165 2727 2326 2781 Baily,
2357 2739 2480 2770 cum
2503 2727 2715 2781 Kepleri

511 2799 736 2861 edition-e
756 2811 881 2842 usus
903 2801 1205 2854 catalogum
1227 2801 1400 2843 denuo
1423 2799 1601 2842 ederet
1621 2797 1906 2855 (Memoirs
1927 2797 1992 2841 of
2003 2798 2093 2840 the
2113 2798 2295 2852 Royal
2306 2797 2716 2841 Astronomical

512 2869 741 2925 Society
757 2871 859 2914 vol.
882 2870 1040 2928 XIII);
1064 2882 1127 2914 ac
1148 2870 1416 2914 rarissime
1436 2873 1644 2913 tantum
1664 2882 1917 2914 numeros
1938 2873 1988 2914 et
2008 2870 2208 2913 litteras
2230 2870 2297 2913 ab
2318 2870 2405 2913 illo
2427 2870 2553 2913 data
2574 2881 2716 2914 com-

510 2942 767 2984 mutanda
787 2941 940 2985 nobis
961 2953 1076 2985 esse
1097 2942 1440 2985 censuimus1.

571 3013 640 3055 ad
653 3025 702 3066 p.
716 3013 861 3070 335,4]
875 3013 1247 3056 Praefationem
1262 3013 1423 3056 edidit
1430 3013 1545 3068 jam
1558 3013 1863 3056 Gassendus
1877 3013 1929 3055 in
1943 3012 2222 3066 Tychonis
2231 3011 2351 3055 V1‘ta
2366 3012 2469 3068 (pp.
2482 3011 2570 3054 286
2582 3011 2717 3068 sqq.)

512 3095 578 3126 ex
592 3085 836 3138 exemplo
853 3084 1094 3139 catalogi,
1112 3085 1255 3138 quod
1263 3084 1578 3139 Wolfgango
1587 3084 1918 3127 Theodorico
1932 3083 2334 3138 archiepiscopo
2347 3082 2716 3137 Salzburgensi

574 3215 585 3238 ¹
615 3214 761 3259 Bayeri
787 3214 941 3251 litteras
965 3215 1077 3251 dedit
1102 3215 1227 3251 etiam
1249 3215 1494 3255 Flamsteed‚
1521 3226 1617 3251 curn
1632 3212 1682 3250 vin
1703 3216 1892 3250 Historia
1916 3215 2091 3251 Caelesti
2109 3215 2354 3250 Britannica
2377 3214 2489 3256 (tom.
2512 3214 2570 3249 111
2594 3212 2716 3257 [Lon-

514 3272 603 3308 dini
621 3273 725 3317 1725]
741 3285 806 3318 pp.
822 3275 866 3308 24
882 3274 986 3319 sqq.)
1005 3274 1219 3319 Tychonis
1241 3274 1478 3319 catalogum
1500 3274 1640 3309 denuo
1661 3275 1808 3309 ederet.
1831 3274 1987 3310 Praebet
2007 3276 2146 3309 autem
2168 3273 2309 3309 stellas
2329 3273 2621 3308 tantummodo
2636 3273 2717 3314 962,

515 3342 610 3366 cum
638 3332 757 3367 nulla
783 3333 908 3367 allata
933 3332 1092 3368 ratione
1113 3344 1184 3368 eas
1206 3332 1357 3374 omisit,
1384 3343 1489 3378 quas
1511 3332 1555 3367 in
1576 3333 1967 3369 constellationibus
1989 3333 2101 3378 apud
2123 3332 2353 3369 Zodiacum
2375 3332 2464 3368 sitis
2485 3334 2523 3367 et
2543 3331 2586 3366 in
2608 3332 2716 3367 Ursa

514 3390 675 3425 minore
695 3394 788 3435 post
806 3391 915 3426 edita
935 3393 1323 3437 Progymnasmata
1344 3392 1489 3437 Tycho
1510 3392 1736 3427 addiderat.
