2976 4264
512 310 581 362 62
1017 302 1624 357 ASTRONOMIAE
1651 303 2215 357 INSTAURATAE

511 449 583 491 53.
606 450 737 501 part.
760 447 831 488 57.
856 446 1021 498 scrup.
1051 444 1184 495 Quae
1211 442 1389 485 ablata
1416 453 1482 485 ex
1506 442 1854 497 Longitudine
1876 443 1937 494 K,
1970 443 2007 484 1.
2030 445 2163 497 part.
2190 442 2258 485 10.
2282 443 2448 498 scrup.
2471 442 2714 498 relinquit

513 504 915 560 Longitudinem
936 503 987 555 F,
1008 502 1110 546 307.
1133 504 1266 556 part.
1293 501 1361 544 13.
1385 501 1551 556 scrup.
1575 501 1731 553 Quod
1751 501 1912 544 etiam
1932 501 2251 545 notabimus.

580 563 839 618 Trianguli
871 562 1024 617 igitur
1055 561 1135 604 FE
1146 561 1205 613 G,
1239 559 1511 614 praemissis
1543 560 2090 604 Demonstrationibus
2122 560 2420 604 inuenimus
2450 561 2714 616 Angulum

510 625 579 667 ad
600 624 660 674 G,
688 624 759 665 77.
782 624 914 676 part.
942 621 984 663 4.
1009 621 1175 674 scrup.
1199 620 1240 662 8(
1259 619 1522 674 Angulum
1549 621 1618 663 ad
1643 620 1694 672 F,
1721 621 1794 663 57.
1823 622 1956 674 part.
1984 620 2057 663 24.
2087 620 2181 663 scr.
2212 621 2375 663 Latus
2401 623 2581 663 autem
2607 620 2712 673 FG,

510 683 711 726 sublata
739 679 1085 735 Longitudine
1111 680 1146 722 F
1173 690 1239 722 ex
1267 679 1325 730 G,
1355 679 1511 722 datur
1537 679 1641 731 FG,
1670 679 1742 722 79.
1770 682 1904 734 part.
1931 678 2004 722 58.
2028 679 2121 722 scr.
2150 679 2442 722 Poterimus
2468 691 2592 734 ergo
2619 691 2714 734 per

507 743 579 785 31.
598 741 709 784 Lib.
726 740 769 783 4.
787 739 1108 794 Regiomont.
1124 740 1210 781 uel
1228 738 1296 781 12.
1311 738 1586 792 Copernici
1601 739 1918 794 cognoscere
1934 739 2098 781 Latus
2112 738 2209 790 EF,
2225 738 2297 781 73.
2311 741 2444 792 part.
2456 737 2529 781 44.
2544 739 2710 793 scrup.

579 800 815 843 Tandem
828 798 1089 854 Trianguli
1103 798 1253 849 EFL,
1275 797 1544 852 proditum
1560 798 1630 841 est
1647 799 1785 841 latus
1805 798 1903 849 EF,
1925 809 2037 852 par.
2055 798 2126 841 73.
2145 797 2238 841 scr.
2254 797 2328 849 44,
2349 797 2553 852 Angulo
2569 798 2638 841 ad
2653 798 2712 850 L,

508 873 574 904 ex
595 857 847 903 structura
867 857 1027 901 recto.
1050 857 1228 909 Quare
1247 868 1341 911 per
1354 856 1397 900 4.
1415 857 1690 912 Copernici
1703 857 2021 900 habebimus
2035 858 2141 909 EL,
2162 856 2235 899 54.
2252 859 2385 911 part.
2403 856 2528 909 fere,
2549 857 2590 900 81
2607 857 2711 909 FL,

508 919 580 962 6l.
608 921 741 973 part.
769 918 841 960 33.
871 918 965 961 scr.
999 917 1138 960 Nota
1165 919 1344 960 autem
1371 919 1486 959 erat
1510 916 1716 960 reddita
1744 916 2068 971 praecedenti
2095 916 2309 960 Calculo
2338 915 2632 971 Longitudo
2660 916 2711 968 F,

505 978 607 1021 307.
636 989 747 1032 par.
780 977 847 1019 13.
878 977 971 1020 scr.
1013 976 1105 1019 Cui
1131 977 1166 1018 fi
1193 975 1506 1031 adijciamus
1539 976 1642 1028 FL,
1674 975 2144 1031 pronunciabImus
2179 974 2584 1030 Longitudinem
2611 976 2655 1018 L
2681 987 2713 1018 a

508 1037 681 1092 prima
702 1037 860 1079 Stella
878 1041 952 1087 V,
975 1035 1017 1078 8.
1040 1038 1173 1090 part.
1196 1035 1269 1078 45.
1293 1035 1459 1090 scrup.

578 1096 657 1139 Est
677 1107 802 1150 ergo
825 1095 1120 1150 Longitudo
1142 1095 1316 1138 Stellae
1334 1094 1504 1139 Nouae
1525 1095 1814 1138 secundum
1835 1095 1894 1146 L,
1915 1094 1957 1138 8.
1975 1095 2119 1149 grad.
2135 1094 2208 1137 45.
2226 1094 2392 1149 scrup.
2410 1094 2450 1137 81
2467 1092 2714 1137 adiuncta

507 1153 973 1210 AEquinodtiorum
1001 1154 1340 1209 praecessione
1371 1155 1547 1198 Locus
1576 1154 1687 1198 eius
1717 1154 1803 1206 est,
1834 1154 1876 1197 6.
1905 1156 2039 1208 part.
2067 1153 2139 1197 35.
2169 1153 2336 1208 scrup.
2360 1152 2432 1211 8,
2465 1152 2712 1197 Latitudo

509 1214 797 1259 secundum
818 1214 923 1266 EL,
945 1213 1017 1257 54.
1040 1216 1174 1268 part.
1196 1213 1239 1257 Ο.
1263 1214 1430 1268 scrup.
1455 1214 1638 1257 Borea.

580 1275 799 1316 Inuenta
825 1285 965 1316 nunc
993 1272 1340 1328 Longitudine
1361 1273 1401 1315 81
1424 1272 1723 1316 Latitudine
1746 1273 1921 1316 Stellae
1943 1272 2129 1324 Nouae,
2158 1271 2311 1315 facile
2332 1284 2399 1315 ex
2419 1271 2712 1326 Copernico

508 1331 2714 1461 {⁰}Pssesfififfffissffssssffsffinssffi{33320‘533213031532343331122·.f.i{,¹}ss·s.¹?32{f:‚¹¹.;;

510 1452 709 1495 mediat
727 1451 800 1495 29.
822 1455 1054 1506 partium
1073 1451 1146 1495 56.
1169 1452 1336 1506 scrup.
1362 1451 1432 1508 )(.

568 1511 705 1563 Quid
719 1523 848 1555 uero
863 1511 1017 1555 Noua
1031 1511 1150 1555 haec
1162 1511 1322 1554 Stella
1332 1511 1630 1566 portendat,
1647 1510 1760 1566 alijs
1772 1510 2143 1565 disputandum
2153 1509 2532 1564 relinquemus:
2550 1509 2716 1553 Nobis

509 1571 650 1614 enim
668 1574 877 1614 tantum
896 1570 1000 1623 illa,
1023 1583 1145 1625 quae
1159 1570 1505 1614 Astronomus
1519 1570 1767 1613 Veritatis
1782 1582 1986 1622 amans,
2009 1570 2075 1613 de
2095 1581 2159 1613 ea
2178 1569 2571 1624 pronunciaret,
2593 1580 2715 1613 con-

509 1630 734 1675 scribere
754 1630 965 1685 placuit.
988 1630 1219 1674 Absolut.
1241 1630 1284 1674 4.
1309 1630 1443 1673 Non.
1467 1629 1658 1686 Martij,
1679 1630 1833 1673 Anno
1858 1629 1985 1672 1573.

579 1729 731 1780 Haec
751 1727 931 1789 fuere,
954 1743 1089 1792 quae
1111 1728 1181 1780 de
1202 1727 1315 1780 hac
1336 1727 1516 1780 Stella
1535 1725 1881 1779 dod’tissimus
1901 1726 1999 1778 ille
2020 1726 2350 1778 Maestlinus
2369 1728 2432 1778 in
2451 1725 2715 1778 m'edium

507 1799 762 1864 protulit,
784 1815 919 1864 quae
940 1815 1099 1851 nunc
1121 1799 1326 1851 ordine
1347 1798 1769 1851 consideranda
1788 1798 1840 1850 8(
1862 1797 2250 1863 expendenda
2268 1797 2589 1862 suscipiam.

577 1870 838 1936 Tempus
874 1873 1083 1935 primae
1119 1873 1506 1935 apparitionis
1537 1870 1841 1923 nobiscum
1872 1872 1935 1921 in
1966 1871 2321 1934 principium
2354 1868 2715 1921 Nouembris

508 1949 904 2007 competenter
929 1945 1175 2006 reponit,
1201 1942 1589 2006 septimanam
1608 1941 1878 1994 videlicet
1903 1944 2030 1993 eius
2055 1943 2326 2006 primam.
2355 1940 2533 2005 Quod
2552 1939 2594 1992 fi
2612 1939 2715 1992 illa

506 2016 570 2066 in
600 2011 838 2067 Odtobri
871 2012 1174 2078 conspecta
1204 2013 1400 2074 fuisset,
1432 2019 1493 2065 vt
1525 2013 1770 2078 quidam
1801 2012 2086 2064 relatione
2118 2011 2278 2077 vulgi
2308 2011 2712 2076 prodiderunt:

508 2092 660 2137 certe
685 2087 751 2146 is,
778 2100 902 2149 prae
928 2084 1060 2150 alijs
1087 2084 1533 2137 Germanorum
1551 2084 1934 2145 AstronomiS,
1961 2083 2020 2136 id
2045 2083 2550 2144 animaduertisset,
2578 2098 2715 2135 cum

507 2156 639 2221 plus
660 2156 930 2209 Siderum
951 2155 1450 2220 contemplationi,
1473 2171 1655 2220 quam
1674 2155 1939 2220 plerique
1960 2170 2185 2216 eorum,
2206 2154 2486 2219 inuigilet.

579 2227 671 2280 Sic
687 2230 863 2280 etiam
878 2227 949 2279 de
964 2227 1155 2279 Pofitu
1169 2227 1381 2288 Stellae,
1400 2227 1831 2292 Magnitudine‚
1848 2226 2145 2288 Claritate,
2168 2226 2446 2290 quodque
2459 2225 2715 2278 interdiu

507 2299 580 2351 ab
595 2301 763 2350 initio
777 2298 898 2350 visa
910 2298 989 2360 fit,
1005 2298 1076 2350 de
1093 2298 1327 2359 Colore,
1346 2298 1583 2363 eiusque
1598 2298 2039 2359 mutationibus,
2061 2313 2181 2362 quo
2196 2297 2272 2350 ad
2286 2297 2714 2362 generaliorem

507 2370 1045 2431 considerationem,
1067 2369 1274 2422 nostrae
1295 2369 1627 2422 aduerfioni
1647 2369 1903 2422 consona
1922 2371 2212 2434 proponit.

579 2441 732 2505 Quae
763 2441 834 2493 de
863 2441 1119 2493 aliorum
1147 2443 1326 2506 varijs
1356 2441 1751 2506 opinionibuS,
1785 2456 2041 2506 quorum
2071 2439 2256 2505 aliqui
2283 2438 2440 2492 hanc
2470 2438 2712 2492 Stellam

508 2512 866 2574 naturaliter,
889 2512 941 2564 8(
960 2518 1243 2577 perpetuo
1263 2512 1380 2565 illic
1400 2512 1556 2565 fuisse
1570 2512 1757 2573 fitam;
1779 2512 1876 2577 alij
1894 2527 2076 2564 vnam
2091 2527 2164 2564 ex
2177 2510 2501 2563 maioribus
2514 2510 2712 2563 versus

507 2584 975 2649 Septentrionem
1004 2584 1206 2645 Astris;
1237 2583 1334 2650 alij
1367 2584 1694 2645 Planetam;
1728 2583 1825 2650 alij
1862 2583 2163 2635 cuiusdam
2196 2581 2391 2635 Stellae
2424 2581 2710 2634 exorbita-

506 2658 751 2716 tionem;
768 2655 1010 2720 quidam
1022 2655 1336 2708 Cometam
1349 2655 1505 2707 fuisse
1521 2655 1718 2721 (prout
1726 2657 1889 2707 varie
1902 2653 2145 2707 fludtuat
2158 2653 2473 2706 hominum
2485 2652 2710 2718 opinio)

506 2728 803 2792 putarunt,
831 2726 1131 2778 dilutionis
1152 2727 1326 2779 causa
1345 2727 1546 2788 adfert,
1574 2724 1726 2779 recte
1748 2726 1804 2778 se
1824 2725 2060 2787 habent,
2086 2725 2219 2778 licet
2240 2724 2591 2777 eiuscemodi
2611 2723 2710 2790 fig-

506 2804 708 2850 menta
733 2813 771 2849 a
795 2799 974 2863 varijs
999 2797 1366 2850 Authoribus
1392 2798 1638 2863 prolata,
1669 2797 1820 2850 adeo
1846 2800 2181 2862 imperitam
2206 2800 2291 2848 rei
2317 2798 2712 2862 cognitionem

506 2884 629 2934 prae
649 2868 705 2920 se
725 2868 930 2929 ferant,
957 2875 1017 2920 vt
1036 2869 1405 2933 responsione
1426 2876 1528 2922 aut
1547 2869 1916 2930 refutatione,
1942 2871 2042 2920 vix
2063 2868 2239 2933 digna
2259 2869 2362 2920 esse
2381 2867 2709 2920 videantur.

577 2940 871 2992 Verissime
887 2946 1087 2992 autem
1100 2940 1389 3006 subiungit
1403 2941 1747 3002 MaestHnus,
1762 2940 2152 3005 prodigiosam
2165 2939 2321 2991 hanc
2332 2938 2574 2991 Stellam
2586 2953 2711 2990 non

507 3011 807 3072 Meteoris‚
839 3010 891 3062 8(
919 3027 994 3063 ne
1025 3011 1266 3076 quidem
1295 3012 1565 3073 PlanetiS,
1595 3012 1691 3064 sed
1719 3010 1964 3065 Odtauae
1992 3010 2255 3076 Sphaerae
2282 3010 2580 3063 Sideribus
2606 3025 2708 3062 an-

506 3082 942 3135 numerandam
962 3083 1087 3143 esse;
1108 3081 1341 3147 hocque
1360 3084 1497 3135 inde
1518 3083 1741 3148 probat,
1763 3082 1923 3148 quod
1943 3085 2006 3134 in
2024 3082 2257 3135 sublimi
2275 3081 2382 3134 fitu
2400 3083 2566 3133 iuxta
2583 3096 2709 3133 ver-

506 3156 695 3214 ticem,
723 3159 899 3218 atque
925 3153 1169 3206 inferius
1194 3154 1392 3206 versus
1418 3154 1827 3216 Horizontem,
1859 3154 2116 3206 eundem
2140 3152 2373 3218 prorsus
2397 3152 2598 3204 locum
2622 3167 2709 3204 re-

505 3226 758 3276 tinuerit.
793 3224 995 3287 Quare
1027 3240 1136 3277 nec
1164 3227 1228 3276 in
1256 3225 1614 3278 Elementari
1646 3226 1920 3291 Regione,
1953 3240 2062 3277 nec
2091 3223 2339 3289 Sphaera
2367 3224 2572 3284 Lunae,
2606 3223 2709 3275 esse

506 3298 711 3360 potuit,
742 3311 877 3347 cum
906 3296 1230 3348 admodum
1256 3296 1500 3349 euidens
1528 3297 1646 3349 illic
1673 3298 1980 3362 contigisset
2008 3295 2123 3348 loci
2148 3298 2272 3347 veri
2298 3294 2351 3346 8(
2375 3294 2478 3347 vifi
2506 3293 2708 3346 discre-

506 3369 724 3431 pantia.
747 3366 925 3430 Quod
945 3373 1145 3419 autem
1164 3370 1318 3420 intra
1338 3367 1715 3421 Planetarum
1736 3383 1974 3433 quoque
1995 3366 2271 3432 Sphaeras
2291 3366 2525 3418 nullum
2543 3368 2708 3488 inusse-

2573 3451 2637 3488 m
2676 3451 2707 3488 e

2766 983 2809 1018 10

2766 1279 2808 1314 15

2746 1389 2833 1433 548

2763 1576 2810 1611 20

2764 1956 2810 1991 25

2762 2313 2809 2348 30

2761 2669 2807 2704 35

2758 3025 2806 3060 40

2757 3381 2803 3416 4⁵
