2976 4264
251 1246 293 1281 10

251 1602 292 1637 15

246 1959 293 1993 20

222 2094 309 2136 555

246 2316 291 2350 25

246 3026 292 3060 35

264 3297 292 3340 ,1.

247 3381 293 3415 40

716 298 1594 353 PROGYMNASMATUM
1622 298 1934 351 TERTIA
1961 299 2164 351 PARS
2473 300 2542 350 69

342 445 716 504 remotioneS,
742 458 890 507 quas
909 445 973 494 in
992 440 1244 495 subiecta
1262 441 1494 494 Tabula
1514 457 1648 493 cum
1670 440 1872 492 nostris
1893 440 2279 501 conferemuS,
2300 447 2359 492 vt
2379 441 2542 492 aber-

342 517 492 567 ratio
513 515 806 566 commissa
602 516 1364 844 —romtius
1132 513 1503 566 discernatur.

602 629 1364 844 —OMINA
947 720 1264 755 STELLARVM

733 881 912 934 Stella
931 881 1126 934 Polari
1409 881 1477 932 23
1562 881 1632 933 48
1716 823 1785 933 25
1882 823 1939 932 14
2053 881 2075 932 l
2177 880 2247 932 26

626 989 682 1040 Α
733 952 987 1005 Flexura
1007 952 1326 1017 Cassiopeae
2178 951 2246 1003 34

734 1022 1034 1077 Cathedra
1562 1023 1632 1074 40
1882 1022 1939 1075 19
2178 1022 2247 1074 39

733 1093 968 1148 Pectore
1562 1094 1632 1146 58
1869 1094 1940 1146 50
2178 1094 2247 1145 52

413 1225 575 1277 Hinc
589 1232 847 1291 apparet,
867 1240 1049 1290 quam
1063 1227 1206 1277 citra
1218 1224 1465 1276 modum
1480 1240 1744 1276 erroneae
1758 1224 1974 1276 fuerint
1989 1224 2249 1289 Cornelij
2269 1223 2543 1276 Gemmae

343 1296 815 1357 obseruationes,
836 1297 987 1349 adeo
1000 1302 1061 1348 vt
1077 1298 1141 1347 in
1155 1295 1421 1347 distantia
1434 1311 1472 1347 a
1484 1295 1679 1348 Polari
1698 1295 1880 1347 ferme
1901 1297 1968 1350 Hs.
1990 1295 2175 1360 gradu
2195 1295 2460 1355 deuiarit,
2482 1296 2544 1345 in

341 1367 582 1432 reliquis
602 1368 832 1420 duabus
851 1367 984 1432 plus
1005 1367 1265 1428 dimidio,
1286 1373 1463 1431 atque
1477 1369 1541 1418 in
1553 1366 1758 1419 vltima
1771 1366 1954 1419 ferme
1969 1370 2210 1431 integro,
2231 1365 2391 1430 quod
2407 1365 2544 1417 sane

341 1441 596 1491 nimium
616 1439 706 1500 est,
727 1445 787 1490 vt
806 1441 1010 1491 mirari
1029 1438 1162 1490 satis
1175 1454 1299 1490 non
1314 1453 1547 1502 queam,
1569 1437 1738 1490 illum
1751 1438 1916 1503 Radij
1934 1437 2325 1489 Astronomici
2340 1436 2546 1488 Instru-

341 1517 542 1562 mento
563 1526 600 1562 a
620 1511 866 1563 Parente
891 1510 995 1561 suo
1022 1509 1328 1573 quondam
1353 1524 1457 1574 per
1475 1525 1691 1561 manus
1711 1510 1939 1570 tradite,
1967 1524 2090 1560 non
2110 1506 2322 1560 rectius
2341 1510 2422 1559 vti
2442 1523 2546 1559 no-

341 1583 492 1634 uisse.
523 1582 682 1634 Licet
707 1583 868 1634 enim
894 1581 1130 1641 RadiuS,
1161 1596 1284 1632 non
1314 1581 1656 1632 omnimode
1686 1578 1919 1632 exadtas
1947 1579 2207 1645 praebeat
2232 1578 2547 1632 Stellarum

341 1653 829 1717 intercapedines;
856 1651 1020 1705 haud
1044 1658 1246 1704 tamen
1270 1657 1575 1716 tantopere
1601 1654 1664 1703 in
1689 1651 1782 1703 his
1807 1650 1975 1704 fallit:
2004 1651 2056 1703 &
2082 1650 2200 1716 alij,
2227 1653 2377 1702 inter
2397 1665 2546 1714 quos

340 1724 697 1786 ThaddaeuS,
719 1726 822 1789 qui
842 1726 1020 1776 etiam
1038 1722 1246 1787 procul
1265 1722 1463 1783 dubie,
1484 1738 1588 1787 per
1602 1722 1855 1775 Radium
1868 1722 2163 1774 distantias
2176 1721 2309 1774 suas
2322 1721 2545 1773 dimen-

340 1795 435 1848 sus
449 1795 540 1857 est,
561 1795 734 1861 longe
747 1798 990 1860 propius
1004 1794 1080 1847 ad
1093 1794 1302 1846 iustam
1314 1797 1706 1846 remotionem
1719 1795 2081 1846 accesserunt.
2103 1793 2328 1845 Locum
2347 1798 2547 1845 autem

342 1867 538 1920 Stellae
559 1867 756 1919 Nouae
778 1882 850 1918 ex
873 1866 966 1918 his
987 1865 1364 1918 Cornelianis
1390 1865 1668 1931 distantijs
1695 1867 1961 1930 experiri,
1990 1864 2149 1929 quod
2174 1880 2250 1916 ne
2276 1863 2394 1928 ipse
2421 1865 2545 1928 qui-

341 1939 478 1991 dem
496 1941 760 2078 tentauit'i
786 1938 1294 2003 superuacaneum
1314 1936 1484 1998 duc0,
1510 1952 1647 1988 cum
1666 1936 1768 1988 illa
1787 1951 1891 2001 per
1909 1936 1965 1988 se
1986 1936 2136 1988 adeo
2156 1936 2348 1988 deuiae
2369 1941 2546 1999 atque

342 2010 575 2062 dissonae
594 2009 716 2062 11111.

413 2081 507 2133 De
533 2080 947 2146 Magnitudine
973 2079 1026 2132 81
1053 2080 1305 2132 Lumine
1335 2082 1462 2131 eius
1490 2078 1839 2145 praefulgido
1868 2078 2141 2131 Planetas
2170 2083 2544 2143 exuperante,

341 2168 466 2205 non
484 2155 811 2218 incongrua
830 2151 1019 2204 refert.
1047 2151 1303 2203 Miratur
1323 2150 1482 2215 quod
1502 2152 1665 2215 prius
1685 2166 1722 2202 a
1740 2150 1917 2215 vulgo
1939 2149 1991 2202 81
2011 2148 2346 2202 rudioribus
2366 2164 2547 2212 quam

341 2223 708 2289 Philosophis
734 2222 1148 2276 animaduersa
1171 2221 1251 2283 fit,
1278 2222 1330 2274 &
1357 2221 1593 2274 causam
1619 2237 1743 2274 non
1762 2221 1995 2286 prorsus
2014 2220 2275 2273 alienam
2294 2220 2545 2281 adducit,

339 2295 472 2348 licet
487 2311 594 2361 ego
609 2295 792 2347 aliam
807 2294 1017 2359 Capite
1030 2293 1228 2346 Tertio
1242 2293 1554 2355 attulerim,
1575 2295 1752 2344 nimis
1767 2292 1949 2357 (quod
1964 2291 2309 2355 dolendum)
2324 2306 2544 2343 veram.

412 2367 738 2432 Comparat
755 2365 952 2431 postea
970 2365 1127 2418 hanc
1147 2364 1390 2417 Stellam
1409 2364 1789 2416 Planetarum
1808 2366 2050 2424 naturiS,
2072 2362 2125 2414 &
2145 2378 2280 2415 cum
2299 2363 2443 2414 Ioue
2463 2369 2544 2415 at-

341 2454 456 2503 que
471 2437 606 2490 Sole
626 2438 883 2490 multum
902 2436 1158 2489 habuisse
1178 2438 1512 2501 commercij
1530 2438 1627 2497 ait,
1647 2435 1742 2488 sed
1757 2434 1886 2487 haec
1901 2450 2038 2487 cum
2050 2434 2409 2499 Astrologica
2421 2433 2543 2494 fint,

340 2512 622 2575 attingere
636 2509 795 2561 nolo.
812 2508 1021 2573 Capite
1031 2506 1229 2559 Tertio
1243 2506 1593 2559 sufficienter
1606 2506 1882 2567 indicaui,
1898 2521 2154 2570 quorum
2166 2505 2545 2557 Planetarum

340 2580 595 2632 formam
626 2587 803 2645 atque
835 2579 1040 2631 lumen
1071 2578 1430 2638 imitabatur;
1464 2577 1525 2630 Si
1553 2579 1686 2642 quis
1715 2593 1849 2629 eam
1880 2583 2190 2641 propterea
2218 2576 2544 2628 eorundem

340 2658 571 2704 naturae
590 2651 747 2703 fuisse
766 2652 1112 2716 participem
1128 2649 1342 2702 inferre
1356 2648 1623 2709 voluerit,
1644 2663 1749 2713 per
1760 2663 1857 2700 me
1870 2648 1930 2700 id
1943 2647 2029 2699 illi
2041 2647 2227 2699 liceat.
2249 2647 2543 2711 Deinceps

342 2722 590 2787 disputat
608 2738 688 2774 an
707 2721 822 2774 hoc
841 2720 1287 2786 phaenomenon
1305 2722 1540 2784 proprie
1560 2719 1740 2772 Stella
1759 2719 2007 2771 dicenda
2025 2718 2104 2779 fit,
2130 2717 2182 2770 81
2204 2718 2336 2770 licet
2355 2717 2544 2770 multa

341 2793 562 2846 obstent
590 2808 663 2845 ex
693 2792 851 2846 Coeli
878 2798 1108 2852 natura,
1142 2807 1325 2856 quam
1352 2790 1485 2843 satis
1513 2788 1870 2855 perspectam
1898 2789 2310 2855 praesupponit,
2342 2795 2543 2840 tamen

341 2868 483 2930 quia
507 2864 789 2925 scintillat,
817 2865 1128 2915 materiam
1153 2862 1372 2914 habere
1397 2861 1673 2922 stabilem,
1703 2868 1880 2926 atque
1907 2861 2160 2913 Planetis
2185 2860 2543 2924 superiorem

341 2937 462 2997 esse,
496 2935 816 2987 concedere
843 2934 1088 2986 videtur.
1124 2933 1436 2986 Cometam
1468 2935 1646 2985 etiam
1676 2948 1801 2984 non
1834 2933 2063 2984 extitisse
2096 2930 2245 2984 recte
2278 2930 2541 2995 disputat,

342 3007 534 3072 qualis
553 3014 755 3059 tamen
772 3005 962 3066 fuerit,
983 3003 1134 3056 nihil
1153 3006 1292 3056 certi
1311 3005 1509 3056 asserit.
1530 3004 1754 3056 Verum
1768 3003 1927 3068 quod
1944 3003 2099 3055 hanc
2112 3002 2356 3054 similem
2369 3001 2543 3053 faciat

342 3081 412 3140 ei,
434 3094 569 3143 quae
589 3077 690 3130 sub
706 3077 1093 3129 Natiuitatem
1109 3074 1318 3128 Christi
1333 3075 1528 3140 Magis
1547 3074 1754 3136 illuxit,
1774 3081 1897 3126 toto
1913 3074 2086 3126 Coelo
2107 3070 2370 3132 deflectit,
2390 3078 2451 3123 vt
2471 3087 2543 3124 ex

342 3152 412 3215 ijs
442 3165 578 3214 quae
607 3145 898 3201 antedicto
929 3147 1138 3211 Capite
1167 3145 1280 3198 hac
1309 3146 1381 3198 de
1410 3161 1473 3197 re
1503 3145 1879 3206 disseruimuS,
1909 3145 2134 3209 liquido
2162 3150 2334 3208 patet.
2366 3143 2543 3206 Quod

341 3220 583 3273 Stellam
601 3219 872 3285 praecise
857 3235 920 3271 111
941 3217 1233 3271 Colurum
1251 3215 1766 3281 AEquinoctiorum
1785 3222 2048 3281 reponat,
2069 3215 2200 3267 loco
2220 3214 2542 3267 admodum

340 3294 660 3357 praecipu0‚
680 3297 877 3355 vtpote
897 3286 1254 3354 AEquinoctij
1278 3288 1476 3348 Verni,
1503 3287 1605 3339 sub
1629 3303 1749 3352 quo
1771 3287 1989 3339 Mundi
2009 3287 2226 3351 caepisse
2247 3284 2543 3337 cunabula

343 3378 479 3415 cum
497 3362 741 3428 Virgilio
763 3361 816 3413 &
836 3359 1183 3426 quibusdam
1203 3358 1334 3424 alijs
1352 3365 1539 3423 putat:
1568 3358 1665 3410 etfi
1690 3374 1814 3410 non
1839 3358 2162 3410 admodum
2186 3358 2543 3486 inconcfinnia

2270 3442 2376 3491 pro
2402 3442 2503 3478 era
