2976 4264
663 308 1544 363 PROGYMNASMATUM
1571 313 1885 366 TERTIA
1911 314 2114 366 PARS
2424 317 2491 367 75

290 450 724 503 excusationem
737 457 1011 512 meretur,
1026 467 1163 503 cum
1176 451 1499 517 Organum,
1515 471 1634 520 quo
1643 455 2031 508 Altitudinem
2044 455 2419 517 scrutabatur,
2431 458 2494 508 in

290 522 533 574 dimidio
547 522 643 574 vel
662 525 886 587 integro
906 525 1137 574 minuto
1151 525 1251 575 vix
1272 522 1537 578 exactam
1556 527 1956 591 praecilionem
1975 527 2172 592 largiri
2191 526 2492 579 suffecerit.

362 592 540 657 Quod
570 600 771 645 autem
799 594 1055 646 diximus
1082 597 1222 646 min.
1245 595 1302 645 14
1330 597 1484 650 intra
1512 598 1623 650 hos
1649 599 1718 650 42
1743 599 1955 650 Annos
1981 605 2270 651 mutatam
2297 598 2493 663 Cyno-

287 664 437 716 surae
458 664 534 716 ad
554 664 765 716 Polum
784 666 1161 717 accessionem
1180 665 1252 717 fic
1273 668 1704 732 comprobatur.

217 752 239 787 ⁵
360 735 839 788 Demonstratum
859 736 934 788 est
949 736 1157 800 Capite
1173 736 1460 801 Secunde,
1482 740 1690 792 Stellas
1710 740 1884 792 Fixas
1903 739 2056 792 hisce
2072 740 2294 792 Seculis
2308 757 2494 792 vnum

287 806 535 871 gradum
559 806 847 859 conficere
867 807 1061 859 Annis
1081 808 1195 861 703.
1218 808 1297 859 At
1324 809 1631 875 Cynosura
1655 814 1820 863 iuxta
1847 827 1981 863 eam
2007 827 2189 876 quam
2215 811 2391 863 habet
2418 812 2493 864 ad

289 877 631 942 Eclipticam
645 878 1052 943 Longitudinis
1066 885 1242 942 atque
1258 879 1606 934 Latitudinis
1621 882 2067 946 dispofitionem,
2089 883 2232 934 dum
2249 882 2495 934 absoluit

287 964 475 1000 vnum
500 950 747 1014 gradum
768 949 1192 1014 LongitudiniS,
1221 950 1698 1004 Declinationem
1722 954 1795 1005 ab
1816 953 2141 1018 AEquatore
2163 953 2370 1006 alterat
2389 956 2494 1005 mi-

288 1026 410 1071 nut.
432 1020 501 1071 24
527 1019 664 1080 fere,
692 1019 997 1072 deficiente
1022 1020 1394 1075 solummodo
1413 1025 1458 1084 ὲ,
1486 1025 1645 1088 quod
1672 1039 1744 1076 ex
1770 1024 2033 1089 superius
2053 1030 2337 1076 annotato
2362 1025 2494 1076 loco

199 1107 241 1142 ιο
290 1093 434 1152 eiuS‚
463 1094 651 1143 cuiuis
670 1107 774 1156 per
793 1091 1242 1156 Triangularem
1261 1092 1735 1159 supputationem
1755 1098 2006 1160 experiri
2025 1095 2351 1147 facilimum
2371 1099 2492 1147 erit.

291 1162 352 1214 Si
380 1164 579 1226 itaque
609 1163 709 1216 7oe
739 1163 904 1214 Anni
935 1162 1412 1216 Declinationem
1440 1172 1670 1218 mutant
1699 1169 1839 1219 min.
1870 1167 1939 1218 24
1968 1166 2167 1227 ferme,
2198 1169 2396 1231 vtique
2426 1167 2495 1218 42

291 1234 484 1285 Annis
512 1236 654 1285 min.
676 1233 733 1285 14
761 1234 1276 1298 proportionaliter
1305 1243 1652 1301 competent.
1684 1237 1886 1300 Quare
1917 1253 2004 1298 ea,
2035 1254 2170 1302 quae
2199 1238 2379 1290 modo
2408 1241 2493 1289 in-

292 1305 586 1365 duximuS‚
604 1320 728 1356 non
741 1307 1062 1369 incongrue
1075 1305 1131 1357 se
1146 1304 1380 1367 habent,
1397 1307 1449 1359 &
1462 1308 1830 1373 Antiquioris
1844 1309 2003 1360 illius
2019 1309 2293 1361 Gemmae
2308 1311 2494 1360 anim-

292 1375 667 1428 aduerfiones
698 1378 762 1426 in
793 1375 988 1427 Polari
1020 1376 1200 1428 Stella
1230 1378 1433 1430 nostris
1465 1379 1598 1431 satis
1630 1380 1886 1444 appofite
1920 1379 2325 1445 suffragantur,
2364 1380 2496 1432 licet

201 1464 243 1499 15
292 1446 474 1498 Filius
494 1462 595 1498 eas
614 1447 966 1498 inuertendo
986 1450 1185 1499 minus
1206 1449 1405 1501 dextre
1426 1449 1773 1502 adhibuerit.

364 1517 750 1570 Conueniunt
771 1520 950 1570 etiam
972 1517 1102 1570 haec
1122 1518 1243 1583 ipsa
1264 1535 1400 1571 cum
1420 1536 1625 1573 annua
1646 1521 1969 1587 Cynosurae
1990 1521 2066 1574 ad
2087 1522 2297 1573 Polum
2317 1522 2498 1574 acces-

291 1588 467 1650 fione,
494 1604 677 1653 quam
697 1592 1060 1654 experientia
1078 1590 1310 1642 testatur
1331 1592 1434 1643 esse
1453 1595 1639 1643 tertiae
1663 1595 1843 1656 partis
1862 1595 2037 1644 vnius
2062 1595 2290 1654 minuti,
2317 1593 2499 1644 veluti

293 1660 502 1724 Capite
530 1660 758 1723 Quarto
788 1660 1015 1725 aliquot
1041 1660 1266 1713 collatis
1294 1662 1816 1715 obseruationibus
1843 1664 2212 1715 ostendimus,
2245 1663 2499 1728 Singulis

292 1734 491 1796 itaque
504 1731 688 1783 tribus
701 1732 895 1784 Annis
907 1747 1028 1783 vno
1042 1735 1274 1785 minuto
1289 1737 1740 1799 appropinquat.
1764 1735 2158 1787 Continentur
2176 1742 2376 1787 autem
2389 1738 2499 1787 tria

198 1819 244 1854 20
293 1806 356 1854 in
368 1803 439 1854 42
451 1803 676 1855 vicibus
690 1803 764 1864 14,
784 1809 845 1855 vt
858 1803 911 1855 &
924 1803 997 1855 fic
1010 1819 1115 1868 per
1129 1808 1756 1869 experimentationem
1771 1806 2276 1858 Instrumentalem
2296 1809 2500 1858 omnia

293 1876 400 1926 rite
421 1874 799 1926 consentiant.

364 1946 590 1997 Locum
616 1945 828 1998 deinde
854 1946 1021 1997 Noui
1046 1945 1280 2008 SideriS,
1308 1947 1444 1999 dicit
1469 1947 1524 1999 se
1550 1963 1654 2013 per
1677 1945 2024 2000 Doctrinam
2043 1947 2500 2013 Triangulorum

293 2018 569 2068 inuenisse
583 2019 647 2068 in
662 2017 871 2069 eadem
885 2017 1276 2082 Longitudine
1292 2034 1428 2070 cum
1442 2035 1514 2071 ea
1528 2035 1663 2083 quae
1678 2022 1740 2071 in
1754 2019 1970 2071 lumbis
1985 2019 2320 2085 Cassiopeae‚
2341 2020 2498 2071 ideo-

294 2104 409 2152 que
437 2091 502 2139 in
529 2088 562 2139 4
592 2088 750 2154 grad.
778 2090 834 2149 ὅ
869 2091 1116 2153 reponit,
1148 2090 1247 2142 vbi
1275 2089 1459 2142 ferme
1487 2091 1672 2143 tribus
1700 2090 1975 2156 gradibus
2003 2090 2101 2142 sex
2129 2090 2498 2142 solummodo

198 2176 245 2211 25
292 2159 576 2224 scrupulis
608 2162 878 2224 exceptiS‚
917 2176 1127 2212 verum
1158 2161 1328 2213 fitum
1360 2164 1655 2226 anticipat,
1694 2162 2023 2214 distantiam
2056 2169 2257 2214 tamen
2289 2177 2326 2213 a
2357 2161 2499 2212 Polo

294 2246 477 2295 quam
496 2230 633 2283 facit
651 2238 796 2295 part.
815 2231 900 2283 28.
922 2234 1128 2284 minut.
1148 2233 1221 2293 15,
1242 2248 1367 2284 non
1387 2233 1538 2285 adeo
1558 2233 1715 2284 male
1737 2233 2075 2298 composuit,
2097 2232 2500 2284 deficientibus

293 2301 496 2354 saltem
515 2302 747 2354 duobus
766 2302 1065 2366 scrupulis,
1087 2303 1346 2368 Ideoque
1363 2306 1426 2355 in
1444 2304 1857 2356 Declinatione
1879 2307 2006 2356 eius
2026 2311 2170 2368 part.
2186 2305 2259 2355 61.
2275 2306 2416 2355 min.
2433 2304 2501 2356 45

293 2374 663 2425 mediocriter
687 2373 838 2426 bene
865 2373 1161 2435 consentit,
1191 2375 1323 2426 licet
1349 2374 1680 2427 differentia
1705 2377 1742 2426 a
1766 2375 1977 2435 Polari,
2006 2375 2059 2426 &
2084 2374 2263 2426 huius
2283 2391 2320 2427 a
2339 2375 2500 2435 P010‚

295 2460 552 2509 quarum
577 2444 939 2497 adminiculo
965 2444 1063 2496 hic
1082 2445 1214 2497 vsus
1235 2446 1326 2507 est,
1353 2449 1552 2498 minus
1578 2445 1728 2499 rec'te
1751 2446 1807 2498 se
1827 2446 2100 2498 habeant.
2129 2445 2242 2498 Sed
2263 2461 2399 2497 cum
2419 2446 2499 2497 di-

200 2531 248 2566 30
295 2515 564 2568 stantiam
576 2516 801 2568 Polaris
816 2532 853 2568 a
866 2515 1010 2568 Polo
1024 2520 1274 2569 nimiam
1290 2517 1480 2578 faciat,
1503 2517 1556 2568 &
1575 2516 1754 2569 huius
1769 2533 1806 2569 a
1820 2517 2003 2568 Noua
2015 2517 2160 2568 iusto
2175 2515 2498 2577 arctiorem,

295 2602 400 2652 per
419 2590 991 2652 coagmentationem
1012 2588 1359 2640 emendatur
1380 2588 1821 2652 quodammodo
1842 2587 1944 2640 ista
1962 2587 2253 2640 vitiofitaS.

366 2658 591 2709 Verum
616 2657 714 2710 hic
739 2661 1118 2710 intermittere
1138 2675 1263 2710 non
1281 2660 1520 2723 possum,
1548 2662 1692 2723 quin
1718 2658 1989 2719 indicem,
2017 2675 2198 2722 quam
2218 2658 2315 2710 iste
2334 2658 2499 2710 locus

297 2729 495 2780 Nouae
528 2728 724 2781 Stellae
756 2745 793 2781 a
825 2729 1085 2782 Gemma
1115 2730 1443 2794 deputatuS,
1480 2746 1616 2781 cum
1647 2729 1821 2794 ipfius
1852 2732 2103 2794 propriJ’s
2135 2729 2500 2781 Dedomenis

297 2815 681 2864 nequaquam
706 2799 1040 2852 consentiat.
1067 2801 1232 2852 Dum
1258 2803 1417 2852 enim
1444 2803 1570 2852 eius
1597 2801 1760 2852 Decl.
1788 2801 2074 2853 constituit
2099 2801 2158 2852 P.
2180 2801 2253 2852 61.
2278 2798 2313 2865 Ι.
2335 2801 2420 2860 45,
2449 2800 2500 2851 &

202 2889 248 2924 35
298 2887 434 2924 cum
453 2870 575 2935 ipso
594 2873 881 2936 principio
899 2880 962 2927 V
978 2878 1265 2936 tanquam
1284 2874 1348 2922 in
1368 2871 1593 2924 Coluro
1607 2870 2123 2936 AEquinoc’tiorum
2142 2871 2217 2923 ad
2238 2872 2501 2923 amussim

296 2942 542 3007 politam
562 2941 887 2994 culminare
906 2942 1059 3003 facit,
1080 2958 1462 3007 nequaquam
1482 2943 1558 2995 ad
1577 2959 1656 3008 gr.
1670 2943 1704 2995 4
1726 2945 1781 3003 δ’
1803 2946 1929 2995 eius
1950 2943 2279 3008 Longitudo
2299 2942 2500 2993 referri

296 3016 528 3079 poterit:
552 3012 648 3065 sed
667 3013 855 3065 multo
874 3016 1117 3078 propius
1138 3029 1319 3077 quam
1339 3013 1437 3066 ille
1457 3017 1687 3078 putauit
1706 3014 1967 3066 debitum
1986 3014 2225 3078 scopum
2245 3015 2498 3077 attinget.

297 3086 465 3137 Latit.
488 3099 726 3148 quoque
746 3100 871 3136 non
889 3084 1145 3136 multum
1165 3085 1550 3149 diuagabitur,
1578 3085 1737 3149 quod
1760 3084 1990 3150 adpicta
2010 3085 2223 3150 Figura
2241 3087 2341 3135 vix
2360 3085 2499 3136 dissi-

298 3156 425 3208 mili
445 3172 482 3208 a
500 3155 720 3219 pluries
741 3157 918 3207 antea
936 3155 1224 3220 vsurpata‚
1245 3155 1416 3207 facile
1437 3159 1798 3208 euincemuS.

203 3243 251 3278 40
370 3227 532 3279 Nam
558 3242 694 3278 cum
719 3229 784 3278 in
807 3226 1129 3291 Triangulo
1157 3226 1329 3278 CBA
1355 3227 1535 3279 Latus
1554 3228 1666 3278 AB
1692 3227 1756 3278 fit
1781 3228 1840 3279 P.
1861 3226 1946 3279 23.
1970 3224 2005 3292 Ι.
2027 3226 2114 3280 31ὲ
2139 3229 2303 3278 iuxta
2327 3228 2499 3276 inter-

299 3298 646 3363 capedinem
665 3297 946 3349 Polorum
961 3298 1255 3362 Eclipticae
1269 3297 1321 3349 ez
1335 3297 1698 3362 AEquatoris:
1719 3298 1830 3350 AC
1850 3304 1994 3362 part.
2010 3298 2095 3349 28.
2114 3294 2148 3362 l.
2165 3298 2220 3349 15
2236 3312 2308 3348 ex
2324 3297 2499 3348 Com-

181 3378 263 3421 561
298 3369 596 3434 plemento
617 3364 1094 3437 De-ssclinationis
1115 3368 1330 3421 Stellae:
1358 3369 1630 3434 Angulus
1656 3369 1890 3433 insuper
1916 3369 2082 3420 BAC
2109 3367 2171 3418 fit
2192 3366 2415 3426 Rectus,
2442 3373 2501 3417 vt

448 3451 513 3486 ιο*
2344 3443 2501 3502 patet
