2976 4264
203 759 226 793 5

181 1112 224 1147 10

182 1469 224 1503 15

179 1824 226 1858 20

177 2180 223 2215 25

177 2536 224 2571 30

175 2892 222 2927 35

514 316 1041 372 STELLARUM
1070 316 1696 369 INERRANTIUM
1724 316 2240 370 RESTITUTIO
2378 319 2482 370 339

276 464 444 509 motu
463 458 615 510 Solis
635 461 763 511 istic
783 466 1053 512 accurate
1075 475 1147 511 ex
1169 459 1698 512 obseruationibus
1725 462 2005 520 restituto,
2033 459 2225 524 colligi
2250 462 2480 523 poterit:

277 529 378 580 ubi
408 544 646 594 quoque
677 546 764 590 ea,
796 547 931 595 quae
962 531 1033 583 de
1062 530 1276 582 Affixis
1306 529 1604 583 Sideribus
1632 532 1754 582 iam
1782 533 2268 595 praemonuimUS,
2302 546 2374 582 ex
2402 530 2481 582 se-

276 600 472 652 cundo
506 603 633 652 eius
665 604 851 666 capite
884 602 1124 654 uberius
1154 601 1206 653 ἀ
1237 601 1648 665 particularius
1679 603 1803 652 una
1835 617 1972 653 cum
2002 601 2317 666 plaerisque
2350 601 2482 667 alijs

275 669 394 722 huc
413 670 760 724 facientibus
781 673 1150 725 constabunt.

348 741 507 793 Cum
526 744 724 806 itaque
745 746 885 795 satis
905 758 1197 808 superque
1219 745 1281 794 in
1300 742 1613 807 propatulo
1640 746 1727 802 sit,
1755 743 2148 795 Inerrantium
2169 743 2483 795 Stellarum

272 812 416 864 locis
449 828 644 876 neque
676 829 713 865 a
745 815 1042 866 ueteribus
1073 815 1465 874 AstronomiS,
1501 829 1695 878 neque
1729 817 1907 866 etiam
1938 814 2359 866 recentioribus
2393 816 2480 874 ea,

274 899 394 947 qua
414 898 564 948 opus
585 883 708 944 fuit,
730 887 1107 937 accuratione
1128 883 1412 937 hactenus
1431 887 1742 949 prouisum
1762 901 1905 946 esse,
1926 887 2114 937 nimia
2126 885 2263 937 sane
2277 886 2479 936 Astro-

273 957 527 1006 nomicae
543 956 903 1008 certitudinis
917 954 1157 1016 iactura,
1173 956 1333 1020 quod
1346 962 1547 1007 tamen
1560 962 2000 1007 antecessorum
2013 956 2228 1020 placita
2242 963 2480 1008 extenu-

273 1025 414 1077 andi
435 1025 608 1077 causa
628 1041 1012 1091 nequaquam
1032 1027 1179 1086 dic0‚
1201 1026 1303 1078 sed
1324 1026 1701 1078 solummodo
1721 1033 1785 1078 ut
1804 1030 2036 1079 ueritati
2056 1029 2183 1091 ipsi,
2205 1043 2340 1091 quae
2358 1043 2482 1078 non

271 1102 398 1148 tuto
418 1095 515 1148 hic
535 1100 881 1160 praeteritur,
901 1100 1306 1150 testimonium
1325 1100 1579 1163 ingenue
1599 1098 1914 1162 praebeam,
1937 1098 2156 1150 Idcirco
2177 1104 2313 1150 ante
2330 1098 2480 1149 mul-

272 1173 362 1219 tos
382 1168 594 1219 Annos
619 1167 776 1220 hanc
805 1171 1102 1229 eximiam,
1130 1175 1194 1220 ut
1213 1175 1276 1220 ut
1295 1168 1657 1221 laboriosam
1675 1171 1739 1220 in
1758 1185 1867 1220 nos
1888 1172 2215 1233 recepimus
2241 1172 2479 1233 prouin-

272 1240 442 1299 ciam,
465 1254 585 1303 quo
607 1254 815 1292 omnes
835 1240 1031 1292 Stellae
1050 1239 1204 1301 fixae,
1233 1246 1520 1305 quotquot
1539 1242 1603 1291 in
1622 1247 1823 1291 nostro
1845 1240 2075 1292 climate
2095 1243 2254 1291 uisui
2273 1247 2478 1291 utcun-

273 1325 388 1374 que
417 1316 698 1374 paterent,
730 1327 913 1376 quam
942 1309 1307 1363 exactissime
1336 1314 1400 1362 in
1429 1310 1623 1363 debita
1647 1310 1780 1363 loca
1805 1311 2132 1363 secundum
2156 1311 2401 1376 longum
2428 1311 2480 1362 ἃ

271 1380 460 1432 latum
479 1384 936 1434 restituerentur.
959 1383 1071 1434 Res
1086 1382 1362 1446 equidem
1376 1381 1449 1446 (si
1460 1382 1633 1434 liceat
1646 1382 1721 1443 id,
1743 1382 1902 1446 quod
1916 1398 2128 1434 uerum
2143 1390 2243 1442 est,
2265 1381 2478 1445 dicere)

273 1452 462 1503 ardua
476 1451 528 1503 &
541 1453 742 1505 multis
757 1454 968 1506 seculis
981 1457 1282 1505 incassum
1296 1453 1645 1505 desiderata:
1666 1453 1784 1504 fine
1806 1469 1925 1518 qua
1946 1456 2123 1505 etiam
2137 1453 2363 1505 Diuina
2377 1452 2480 1504 illa

272 1523 587 1574 Astrorum
612 1527 856 1576 scientia
880 1528 944 1576 in
967 1528 1260 1589 integrum
1285 1527 1509 1576 restitui
1536 1527 1782 1576 omnino
1808 1527 2026 1588 nequit.
2058 1524 2479 1576 Laborandum

272 1609 418 1646 uero
440 1601 564 1646 erat
583 1594 658 1646 ab
672 1597 841 1647 initio
857 1599 1029 1647 enixe
1045 1595 1098 1647 &
1112 1594 1541 1660 circumspecte,
1563 1602 1626 1647 ut
1640 1595 1843 1659 aliqua
1856 1595 2080 1656 saltem,
2102 1598 2256 1647 circa
2267 1595 2478 1647 Zodia-

273 1681 410 1717 cum
437 1665 772 1730 praesertim,
802 1666 1184 1719 innotesceret
1213 1667 1408 1727 Stella,
1440 1669 1607 1718 cuius
1637 1669 1928 1731 exquisita
1956 1666 2031 1718 ab
2056 1664 2478 1731 AEquinoctiali

273 1734 508 1801 puncto,
534 1737 636 1789 ubi
655 1737 946 1802 AEquator
973 1737 1026 1789 &
1051 1737 1331 1802 Ecliptica
1356 1753 1483 1789 sese
1508 1744 1717 1789 mutuo
1743 1737 2103 1798 intersecant,
2131 1738 2366 1789 daretur
2391 1752 2477 1788 re-

273 1809 476 1868 moti0,
488 1807 647 1860 unde
660 1815 1007 1861 caeterarum
1018 1809 1445 1861 deducerentur
1454 1809 1874 1873 Longitudines
1885 1825 1896 1860 ε
1912 1824 1985 1860 ex
1996 1824 2115 1872 quo
2126 1808 2185 1860 id
2195 1807 2479 1860 hactenus

273 1894 657 1943 nequaquam
670 1883 952 1944 requisita
965 1878 1482 1944 circumspectione
1495 1882 1821 1944 praestitum
1835 1882 1922 1931 sit.
1938 1879 2195 1944 Ideoque
2211 1881 2445 1930 summa
2456 1874 2477 1947 ΙΙ

208 1969 230 1986 v
274 1949 574 2015 diligentia
602 1966 847 2015 operam
875 1952 1160 2012 dedimuS,
1191 1958 1256 2003 ut
1274 1951 1480 2017 ‚lucida
1507 1950 1626 2011 illa,
1661 1967 1796 2015 quae
1825 1954 1994 2002 tertia
2023 1957 2107 2002 est
2135 1965 2386 2002 numero
2415 1953 2478 2001 in

272 2024 461 2086 capite
480 2022 713 2083 ArietiS‚
741 2023 818 2075 ad
837 2023 1101 2075 amussim
1119 2025 1380 2087 primum
1398 2022 1797 2083 innotesceret,
1820 2028 1943 2074 tam
1962 2037 2067 2086 per
2085 2024 2276 2086 ipsam
2297 2036 2478 2085 quam

273 2092 420 2144 alias
448 2092 566 2144 huc
592 2097 1014 2146 conuenienter
1042 2091 1327 2154 reductaS,
1358 2095 1562 2146 omnia
1586 2093 1971 2145 multifariam
1998 2099 2053 2144 et
2077 2092 2355 2144 subtiliter
2382 2108 2477 2144 ex-

272 2164 613 2217 aminanda
642 2164 820 2228 Quod
845 2181 970 2217 non
995 2180 1069 2217 ex
1091 2165 1264 2217 Luna
1287 2164 1591 2230 fluxiuaga
1618 2164 1670 2216 81
1696 2164 2090 2216 obseruationi
2114 2163 2253 2215 huic
2279 2166 2477 2214 minus

273 2235 491 2287 idonea
521 2236 969 2288 intermediante
1002 2236 1154 2296 Sole,
1194 2239 1279 2288 uti
1309 2233 1644 2288 factitarunt
1675 2236 1932 2296 VetereS,
1971 2235 2151 2287 dubio
2187 2234 2476 2298 exemplo,

273 2305 503 2358 efficere
532 2306 743 2368 lubuit;
773 2307 868 2359 sed
894 2309 1090 2372 potius
1115 2323 1220 2371 per
1244 2307 1492 2359 Veneris
1519 2306 1762 2359 Stellam
1787 2309 1911 2358 una
1937 2322 2072 2358 cum
2098 2306 2233 2358 Sole
2260 2308 2477 2369 saepius

272 2377 460 2438 nobiS,
486 2384 610 2429 tam
627 2382 982 2431 matutinam
1002 2394 1185 2443 quam
1203 2381 1605 2443 uespertinam
1624 2384 2028 2442 apparentem:
2057 2377 2357 2428 Interdum
2377 2379 2475 2427 eti-

273 2464 372 2500 am
401 2451 555 2501 circa
581 2452 777 2514 ipsum
807 2450 1213 2502 Meridianum
1242 2450 1484 2501 discrete
1514 2451 1653 2501 satis
1683 2447 2070 2513 conspectam,
2102 2449 2315 2511 exequi
2341 2462 2475 2498 con-

272 2519 482 2571 sultius
502 2520 801 2573 duximus:
829 2521 1092 2585 Idipsum
1111 2526 1417 2573 attestante
1437 2519 1745 2584 multiplici
1766 2521 2140 2584 experientia,
2166 2518 2346 2570 modo
2370 2521 2476 2569 rite

271 2598 738 2655 praecaueantur‚
777 2598 900 2644 tam
931 2590 1351 2644 refractionum
1382 2606 1565 2655 quam
1595 2590 1997 2642 Parallaxium
2027 2591 2474 2641 insinuationes,

274 2662 496 2714 Omnia
515 2665 676 2714 enim
694 2662 812 2714 huc
831 2665 1184 2727 pertinentia
1201 2678 1274 2714 ex
1287 2669 1537 2726 utraque
1552 2662 2020 2713 consideratione
2035 2661 2162 2712 an
2176 2660 2228 2711 &
2242 2675 2475 2724 uesper-

271 2735 396 2784 tina
414 2732 762 2785 multimode
782 2733 1086 2797 explorata
1108 2749 1348 2797 prorsus
1367 2735 1431 2784 in
1450 2733 1608 2784 idem
1632 2731 1915 2796 punctum
1941 2734 2245 2783 reuocaui:
2274 2746 2475 2795 quem-

272 2803 598 2856 admodum
615 2804 746 2856 haec
767 2805 976 2869 Capite
997 2804 1258 2856 secundo
1278 2802 1566 2856 dictorum
1579 2803 2170 2868 Progymnasmatum
2184 2802 2475 2854 Instaura-

270 2878 447 2927 tionis
466 2876 900 2927 Astronomicae
920 2875 1247 2927 luculenter
1267 2891 1304 2926 a
1322 2875 1492 2926 nobis
1513 2880 1891 2939 exponuntur
1912 2874 1964 2926 &
1983 2874 2475 2925 demonstrantur.

270 2947 480 2998 Postea
501 2961 574 2998 ex
592 2946 706 2999 hac
723 2949 854 3011 ipsa
873 2946 1053 2999 Stella
1071 2946 1326 2998 aliarum
1345 2948 1511 2997 iuxta
1528 2945 1856 2997 Zodiacum
1880 2951 1934 2996 et
1953 2945 2342 3009 AEquatorem
2368 2943 2476 2994 ful-

269 3019 533 3083 gentium
557 3033 662 3082 per
687 3024 877 3070 totum
897 3017 1053 3070 Coeli
1073 3017 1361 3069 ambitum
1381 3019 1743 3068 conueniens
1763 3015 1915 3069 facta
1935 3022 2020 3067 est
2040 3013 2474 3075 circumductiO,

270 3088 583 3153 aliquoties
604 3088 657 3140 &
676 3091 841 3141 uarie
862 3091 1121 3152 repetita,
1142 3094 1207 3139 ut
1226 3094 1381 3139 totus
1401 3087 1660 3140 absolute
1682 3087 2050 3139 clauderetur
2071 3086 2358 3139 Circulus.
2388 3086 2475 3136 Ex

269 3162 340 3225 ijs
360 3175 506 3211 uero
527 3162 608 3211 sic
627 3159 998 3212 fundamenti
1017 3159 1150 3211 loco
1167 3156 1368 3211 exacte
1383 3159 1676 3223 dispositis
1690 3158 1948 3223 reliquas
1963 3173 2187 3218 omneS,
2209 3163 2331 3209 tam
2345 3173 2473 3208 uer-

270 3246 371 3282 sus
397 3231 652 3283 Boream
678 3246 861 3295 quam
886 3231 1189 3290 Austrum,
1220 3236 1509 3294 quotquot
1537 3230 1911 3294 aliquatenus
1941 3244 2178 3281 cernere
2204 3228 2381 3288 licuit,
2413 3230 2475 3279 in

269 3317 546 3354 normam
563 3304 675 3366 ipsi
697 3301 870 3354 Coelo
891 3301 1210 3353 consonam
1238 3303 1645 3366 expangimus:
1672 3301 1850 3365 idque
1876 3316 1979 3365 per
2005 3302 2474 3352 accuratissimas

271 3372 748 3433 ObseruationeS,
768 3375 997 3438 magnis
1019 3371 1071 3423 δι
1089 3371 1395 3424 metallicis
1415 3372 1718 3436 solideque
1739 3371 2052 3424 elaboratis
2067 3371 2472 3422 Instrumentis

412 3454 481 3490 43*
2098 3443 2470 3506 conquisitaS‚
