2976 4264
711 315 1594 370 PROGYMNASMATUM
1620 315 1934 369 TERTIA
1960 317 2164 370 PARS
2439 319 2544 372 227

337 460 557 519 torum,
580 455 1004 524 &sapientum
1025 457 1526 513 Gubernatorum
1545 457 1855 521 interitus,
1876 458 1944 511 in
1962 458 2045 527 ijs
2105 457 2412 526 raesertim
2425 461 2543 515 Re-

329 527 644 596 gionibuS,
668 543 828 595 quas
856 529 1071 591 Taum,
1093 529 1301 583 Arieti
1318 530 1382 583 ἄν
1396 529 1605 583 Librae
1616 528 2024 597 subiJ'ciuntA
2070 530 2288 599 rologi,
2312 532 2543 585 denun-

335 599 476 653 ciat.
499 600 587 651 Ex
607 616 727 664 quo
747 603 921 665 igitur
940 599 1036 653 hic
1055 603 1185 665 pios
1206 600 1493 653 Doctores
1514 601 1567 653 81
1586 601 1872 666 sapientes
1888 601 2332 655 Gubernatores
2353 607 2542 655 nomi-

333 677 433 723 net
453 686 673 735 eosque
689 687 720 723 e
736 671 949 723 Iouiali
969 672 1230 736 quadam
1248 671 1560 724 influentia
1572 672 1624 724 &
1638 673 1870 725 Natura
1887 673 2234 726 denunciari
2251 675 2541 736 asseueret,

262 759 284 794 5
332 741 499 795 illam
518 742 802 795 Pietatem
822 742 875 794 δι
895 742 1275 808 Sapientiam,
1303 759 1439 809 quae
1465 760 1502 796 a
1527 743 1649 796 solo
1670 744 1804 796 Deo
1830 743 2173 797 hominibus
2196 747 2541 810 impertitur,

332 813 513 866 Astris
544 816 744 866 minus
776 816 1201 867 conuenienter
1232 818 1503 880 imputat:
1536 817 1659 867 Aut
1687 815 1728 867 fi
1756 815 1815 867 id
1847 831 1972 867 non
2002 816 2205 878 voluit,
2238 817 2543 869 Astrorum

333 891 506 937 certae
526 884 870 946 influentiae,
898 885 952 937 &
976 888 1154 938 minis
1174 886 1380 939 frustra
1400 886 1515 938 Dei
1537 886 1861 951 peculiaria
1881 887 2040 939 dona
2058 887 2200 953 subij
2209 891 2303 940 cit:
2331 888 2541 941 Imme-

255 960 283 1003 «1-
331 971 463 1008 mor
482 955 640 1008 illius
660 956 948 1009 Ieremiae:
975 956 1035 1009 A
1054 954 1252 1025 signis
1276 957 1430 1011 Caeli
1451 957 1646 1011 nolite
1672 956 1909 1011 timere.
1938 957 2116 1022 Quod
2141 958 2279 1011 sane
2305 960 2381 1012 ad
2403 976 2541 1012 vere

330 1029 461 1091 pios
483 1026 536 1079 &
556 1027 861 1080 Diuinitus
883 1028 1142 1081 eruditos
1160 1028 1532 1081 solummodo
1552 1031 1816 1094 pertinet.

241 1115 283 1150 ιο
403 1098 569 1150 Dum
596 1101 770 1164 igitur
799 1106 964 1152 extra
992 1099 1403 1152 Professionem
1430 1100 1597 1152 suam
1622 1100 2049 1166 Astrologizare
2080 1100 2133 1152 &
2162 1101 2541 1154 Planetarum

331 1169 588 1222 naturali
617 1169 889 1230 influxui,
921 1171 1336 1236 lignorumque
1366 1171 1659 1237 analogiae
1688 1187 1847 1223 verae
1876 1172 2111 1224 Pietatis
2140 1172 2192 1224 &
2222 1172 2539 1238 Sapientiae

213 1250 301 1293 714
332 1237 927 1310 conquas-sssationem
952 1243 1222 1308 adeoque
1247 1242 1358 1295 has
1384 1243 1914 1295 administrantium
1941 1246 2333 1296 mutationem
2362 1251 2539 1309 atque

331 1315 632 1364 interitum
645 1314 919 1374 attribuit,
940 1316 1140 1366 minus
1155 1317 1310 1366 intra
1323 1313 1733 1366 Professionem
1744 1314 2063 1366 secundum
2078 1318 2370 1367 veriorem
2386 1315 2438 1367 &
2451 1315 2537 1368 su-

330 1383 771 1448 pernaturalem
785 1385 1118 1446 Scientiam,
1133 1385 1455 1450 sanamque
1471 1383 1797 1438 doctrinam
1813 1385 2017 1450 (quam
2030 1388 2088 1451 ij,
2105 1389 2207 1451 qui
2218 1402 2291 1438 ex
2302 1387 2537 1439 Mundo

238 1472 280 1507 15
329 1455 444 1507 hoc
462 1455 609 1516 sunt,
630 1471 755 1508 non
775 1455 1037 1520 capiunt)
1057 1455 1483 1522 Theologizare
1503 1456 1749 1509 videtur.

398 1526 474 1578 Vt
501 1542 644 1579 vero
672 1526 879 1592 probet
907 1527 1150 1580 Stellam
1178 1527 1335 1580 hanc
1360 1544 1398 1580 a
1423 1530 1648 1583 caeteris
1674 1527 1990 1589 SideribuS,
2019 1535 2142 1580 tam
2167 1528 2325 1581 Fixis
2354 1545 2538 1594 quam

328 1597 601 1650 Erraticis
621 1597 871 1659 differre,
895 1598 1030 1651 licet
1046 1599 1258 1665 vulgus
1278 1599 1585 1651 discrimen
1604 1598 1719 1651 hoc
1738 1615 1863 1651 non
1882 1600 2380 1662 animaduerterit,
2402 1600 2539 1653 dicit

328 1684 462 1721 eam
480 1670 552 1722 50
571 1672 795 1722 circiter
816 1670 998 1722 Grad.
1021 1686 1058 1722 a
1077 1670 1338 1723 Zodiaco
1357 1670 1556 1723 versus
1576 1671 1832 1723 Boream
1857 1677 2148 1723 remotam
2172 1670 2351 1732 fuisse;
2378 1672 2536 1724 ideo-

327 1756 442 1805 que
462 1757 587 1792 non
601 1757 633 1793 e
647 1741 1027 1793 Planetarum
1040 1757 1293 1794 numero
1307 1742 1674 1794 censendam.
1696 1741 1875 1806 Quod
1889 1742 2130 1807 quidem
2142 1758 2246 1807 per
2259 1742 2316 1794 se
2328 1759 2537 1795 verum

232 1829 278 1864 20
328 1811 424 1864 est:
453 1812 506 1864 &
531 1814 786 1865 nimium
808 1828 1008 1865 rerum
1028 1813 1365 1866 Caelestium
1389 1816 1663 1879 ignarum
1689 1816 1947 1878 oportuit
1973 1829 2113 1866 eum
2137 1813 2310 1875 fuisse,
2337 1814 2378 1866 fi
2405 1818 2536 1879 quis

325 1898 434 1947 pro
459 1883 839 1937 Planetarum
864 1884 1084 1950 aliquo,
1114 1884 1271 1937 hanc
1297 1884 1540 1938 Stellam
1564 1884 1859 1937 habuisset.
1889 1885 1969 1936 At
1994 1885 2138 1937 dum
2165 1885 2536 1938 latitudinem

327 1957 454 2007 eius
468 1955 542 2008 ab
557 1955 838 2020 Ecliptica
850 1956 920 2009 50
932 1955 1136 2009 saltem
1148 1957 1299 2008 Part.
1314 1956 1466 2018 facit,
1489 1963 1744 2021 quatuor
1763 1972 1915 2021 pene
1931 1956 2231 2009 Gradibus
2245 1955 2536 2009 defectum

326 2029 648 2079 committit.

397 2098 485 2150 Ex
510 2098 668 2150 Fixis
694 2098 931 2151 Mundo
961 2102 1181 2151 coaeuis
1210 2115 1335 2151 non
1364 2100 1596 2152 extitisse
1625 2098 1782 2152 hanc
1808 2098 2066 2160 Stellam,
2096 2099 2331 2151 nullum
2358 2102 2536 2152 etiam

231 2186 277 2220 25
326 2169 661 2222 merebatur
686 2169 955 2222 dubium:
982 2169 1267 2235 siquidem
1293 2170 1346 2222 81
1371 2173 1606 2223 nouiter
1630 2173 1944 2235 inceperat,
1971 2170 2377 2235 paulatimque
2399 2186 2534 2223 con-

325 2239 514 2292 sumta
540 2241 644 2293 esse
669 2240 909 2293 deflerit.
936 2242 1016 2294 At
1037 2242 1197 2306 quod
1218 2242 1293 2294 ob
1314 2241 1373 2294 id
1392 2245 1547 2295 intra
1565 2241 1905 2294 Affixarum
1925 2241 2235 2306 Sphaeram
2254 2258 2379 2294 non
2399 2258 2534 2294 con-

324 2311 535 2373 stiterit,
550 2327 935 2377 nequaquam
948 2312 1222 2378 sequitur.
1238 2313 1401 2366 Nam
1414 2313 1546 2366 licet
1559 2320 1683 2366 tam
1696 2312 1826 2365 haec
1841 2313 2036 2374 Stella,
2053 2329 2234 2377 quam
2250 2313 2533 2375 Cometae,

325 2389 609 2448 perpetua
629 2399 699 2436 ac
719 2383 1010 2437 durabilia
1029 2400 1153 2436 non
1172 2384 1278 2436 fint
1298 2400 1568 2450 corpora:
1590 2400 1699 2437 nec
1720 2384 2045 2436 admodum
2061 2384 2164 2435 diu
2178 2384 2532 2449 conspician-

325 2460 440 2506 tur:
461 2453 691 2507 Tamen
706 2455 780 2508 ob
795 2455 855 2508 id
870 2455 1038 2508 Caelo
1052 2471 1177 2508 non
1191 2455 1588 2508 eliminantur.
1610 2456 1738 2507 Nec
1754 2458 1913 2507 enim
1928 2454 2174 2507 existunt
2186 2454 2533 2507 flammeum

231 2542 278 2577 30
327 2525 486 2590 quid,
500 2525 675 2578 molis
690 2529 752 2578 in
765 2526 1037 2591 suprema
1044 2528 1218 2579 Aeris
1229 2527 1487 2592 Regione
1502 2527 1776 2587 ardentiS,
1792 2542 1865 2578 ex
1878 2525 2174 2578 halituum
2184 2526 2534 2578 terrestrium

325 2599 589 2658 materia,
621 2604 796 2662 prout
826 2597 1141 2664 Chytraeus
1172 2601 1236 2650 in
1268 2597 1497 2650 Scholis
1529 2604 1824 2662 receptam
1856 2597 2076 2661 diuque
2107 2597 2535 2662 proclamatam

326 2670 672 2732 opinionem
696 2668 941 2729 secutuS,
967 2668 1173 2721 frustra
1198 2671 1489 2733 opinatur.
1519 2669 1671 2720 Haec
1698 2671 1858 2720 enim
1884 2683 2066 2732 quam
2091 2667 2345 2729 infirma,
2372 2684 2533 2733 pror-

324 2738 537 2803 susque
556 2741 719 2791 irrita
738 2739 860 2800 fint,
883 2755 955 2791 ex
974 2742 1063 2805 ijs,
1085 2755 1221 2804 quae
1240 2746 1367 2791 tum
1386 2739 1501 2791 hoc
1521 2740 1696 2792 Libro
1718 2739 1789 2791 de
1810 2755 1973 2791 noua
1993 2739 2187 2800 Stella,
2209 2746 2335 2791 tum
2357 2742 2534 2792 etiam

325 2809 699 2874 sequentibus
719 2809 951 2862 duobus
965 2811 1037 2863 de
1053 2810 1333 2871 CometiS,
1355 2826 1428 2862 ex
1447 2810 1788 2863 indubitatis
1803 2810 2327 2863 obseruationibus
2340 2811 2532 2863 Astro-

230 2897 276 2932 35
326 2883 576 2933 nomicis
598 2880 971 2934 Geometrice
991 2881 1382 2934 demonstrata
1401 2881 1764 2946 reliquimuS,
1786 2882 2127 2946 apertissime
2147 2888 2319 2946 patet.

396 2951 538 3004 Duo
550 2951 791 3016 quidem
800 2952 1188 3004 Cometarum
1198 2968 1416 3018 genera
1426 2952 1710 3005 recensuit
1717 2952 2068 3014 AristoteleS,
2081 2968 2337 3017 quorum
2348 2952 2532 3014 alteri,

325 3023 486 3087 quod
499 3022 721 3075 molem
734 3022 1031 3075 halituum
1043 3023 1358 3089 globosam,
1380 3024 1433 3076 &
1453 3026 1516 3076 in
1528 3023 1726 3076 medio
1741 3023 2082 3084 denfiorem,
2104 3026 2257 3076 circa
2271 3030 2533 3076 extrema

324 3096 611 3146 rariorem
631 3093 822 3155 efficit,
843 3093 1268 3159 flammamque
1289 3094 1595 3159 aequaliter
1614 3095 1789 3147 instar
1803 3095 2131 3148 Comarum
2150 3097 2302 3147 circa
2320 3111 2532 3160 corpus

323 3164 549 3230 spargit,
564 3180 634 3217 ac
647 3165 1053 3230 saepenumero
1067 3168 1381 3218 immotum
1395 3165 1653 3227 consistit,
1671 3165 1827 3219 hanc
1842 3166 2084 3219 Stellam
2097 3166 2359 3219 assimilat
2374 3166 2531 3232 Chy-

229 3252 275 3287 40
323 3243 518 3289 traeus.
540 3236 765 3288 Verum
783 3236 843 3288 id
864 3239 1006 3289 citra
1032 3242 1428 3301 competentes
1454 3237 1801 3290 occasiones.
1829 3237 2188 3290 Nullatenus
2216 3240 2376 3289 enim
2401 3237 2532 3290 haec

324 3306 505 3359 Stella
517 3307 695 3359 alicui
710 3307 1097 3360 Cometarum
1110 3307 1319 3372 speciei
1333 3311 1664 3374 comparari
1683 3308 2033 3370 merebatur,
2055 3324 2164 3360 nec
2177 3308 2327 3361 vllos
2342 3312 2531 3361 crines

324 3381 544 3430 circum
555 3381 709 3431 circa
720 3379 917 3440 emifit,
926 3379 1022 3431 sed
1032 3379 1275 3445 fulgenti
1287 3379 1339 3431 81
1350 3379 1510 3432 claro
1520 3379 1746 3432 lumine
1757 3381 1969 3440 radiOS,
1982 3380 2156 3432 instar
2167 3379 2531 3504 refflarum

468 3460 540 3496 29·
2358 3467 2530 3503 arum
