2976 4264
201 1111 241 1145 lo

172 1389 259 1432 672

202 1468 242 1502 15

196 1824 243 1858 20

198 2181 243 2215 25

199 2892 244 2926 35

199 3246 246 3280 40

664 310 1543 365 PROGYMNASMATUM
1571 310 1882 362 TERTIA
1912 311 2114 363 PARS
2402 312 2491 364 185

291 452 626 505 maiusculis
640 469 677 505 a
692 452 1009 506 Rectilineo
1029 454 1426 506 insensibiliter
1440 453 1684 513 differat,
1707 453 1803 504 hic
1821 469 2059 518 quoque
2074 456 2201 505 eius
2215 453 2347 506 vsus
2361 454 2494 506 satis

292 524 639 576 commodus
660 524 712 575 &
732 532 893 577 ratus
914 527 1018 577 esse
1038 528 1268 590 poterit:
1296 525 1601 589 multoque
1624 525 1950 576 Nonniana
1972 524 2363 588 plurimorum
2384 527 2492 576 Ar-

292 611 471 647 cuum
485 597 755 647 intricata
769 595 821 647 &
836 596 1057 648 difficili
1070 596 1458 649 subdiuifione
1481 596 1820 660 expeditior,
1842 598 2149 660 aptiorque
2172 597 2492 661 deprehen-

292 667 460 718 ditur.
495 666 1044 728 Verumenimuer0‚
1082 668 1153 720 de
1186 668 1572 719 Instrumento
1605 667 1768 732 Radij
1805 674 2108 731 tantopere
2142 683 2177 719 a
2211 668 2492 733 Diggeseo

292 737 702 799 commendati,
724 739 782 789 id
804 740 964 803 quod
983 754 1079 790 me
1100 739 1314 792 diurna
1330 739 1528 790 docuit
1543 741 1904 802 experientia
1918 739 2126 790 dicam.
2150 738 2493 802 Quomodo-

291 824 525 872 cunque
545 809 785 860 tandem
804 817 1057 874 paretur,
1081 810 1133 861 &
1153 816 1630 875 quantaecunque
1650 809 1823 860 fuerit
1844 810 2265 874 LongitudiniS,
2289 826 2492 874 quam-

291 895 407 944 que
433 879 711 932 subtiliter
736 880 1049 942 diuidatur,
1078 881 1298 933 etiamfi
1319 881 1475 933 oculi
1492 881 1899 932 Eccentricitas
1918 880 2050 932 satis
2070 889 2493 945 praecaueatur,

290 950 559 1003 foramen
585 950 704 1003 fiue
730 952 947 1004 rimula
966 952 1272 1017 Dioptrica
1297 955 1464 1004 initio
1492 955 1618 1003 eius
1642 951 2007 1012 adhibeatur,
2030 951 2082 1002 &
2102 960 2160 1003 vt
2180 960 2239 1003 vt
2260 967 2291 1003 e
2312 952 2494 1003 solido

292 1022 540 1074 Metallo
571 1038 871 1074 concauus
901 1026 1165 1084 extiterit,
1196 1023 1314 1075 flue
1345 1023 1792 1088 quadrilateruS‚
1822 1022 1941 1074 fiue
1970 1023 2278 1082 trilateruS‚
2308 1023 2494 1075 fulcro

290 1093 524 1157 insuper
543 1096 606 1144 in
626 1093 880 1158 quoduis
901 1094 1215 1146 Stellarum
1234 1095 1483 1159 planum
1503 1093 1850 1154 directibiliS,
1873 1094 2232 1154 inuoluatur,
2257 1094 2493 1146 habeat-

291 1179 407 1228 que
428 1163 480 1215 &
500 1163 672 1228 plura
697 1164 738 1215 fi
763 1165 924 1217 lubet
950 1168 1163 1217 erroris
1188 1166 1568 1230 praecauendi
1592 1165 1858 1217 subfidia:
1886 1171 2146 1217 attamen
2172 1173 2328 1217 ratas
2355 1166 2407 1217 &
2433 1169 2495 1217 in

291 1235 413 1300 ipso
433 1238 664 1287 minuto
685 1233 919 1288 exactas
939 1236 1255 1289 Stellarum
1274 1237 1756 1300 intercapedines,
1784 1235 2103 1300 praesertim
2126 1236 2494 1297 maiusculaS‚

291 1321 415 1358 non
446 1306 664 1371 vbique
697 1306 976 1359 constanti
1008 1314 1185 1372 atque
1218 1308 1463 1359 indubia
1494 1310 1721 1359 ratione
1754 1307 2152 1371 suppeditabit.
2191 1308 2379 1359 Cuius
2412 1311 2496 1359 rei

292 1373 563 1446 caus-usas
589 1381 652 1429 in
677 1378 827 1430 libro
854 1378 925 1430 de
953 1378 1310 1430 Mechanica
1329 1379 1720 1430 Astronomiae
1744 1379 1933 1439 Praxi,
1960 1378 2198 1430 fauente
2223 1378 2494 1443 supremo

292 1449 574 1508 Numine,
601 1448 951 1501 sufficienter
976 1465 1290 1515 exponam.
1318 1449 1408 1501 Est
1433 1450 1668 1514 insuper
1693 1449 1815 1514 ipsa
1839 1447 2103 1501 tractatio
2126 1450 2289 1515 Radij
2319 1453 2495 1501 nimis

290 1520 544 1581 taediosa,
566 1527 626 1572 vt
639 1527 699 1572 vt
717 1536 821 1586 per
839 1520 895 1572 se
915 1521 1085 1573 facile
1111 1521 1397 1586 portatilis
1417 1528 1593 1586 atque
1620 1520 1848 1581 habilis,
1877 1536 1948 1572 eo
1970 1521 2129 1585 quod
2149 1520 2308 1572 hunc
2328 1524 2495 1572 toties

292 1591 467 1644 oculo
492 1595 788 1644 remoueri
814 1599 1096 1657 oporteat,
1122 1599 1183 1644 vt
1202 1592 1548 1644 Pinnacidia
1572 1592 1648 1643 ad
1674 1592 1880 1644 iustam
1907 1592 2368 1643 collimationem
2391 1592 2494 1644 dis-

291 1670 610 1728 ponantur:
634 1662 686 1715 &
705 1679 781 1715 ne
801 1670 940 1715 tunc
961 1664 1217 1728 quidem,
1239 1679 1318 1716 an
1339 1663 1669 1715 centraliter
1682 1665 1745 1714 in
1759 1663 1950 1715 Stellis
1970 1663 2028 1714 id
2048 1662 2166 1723 fiat,
2187 1663 2319 1715 satis
2340 1670 2495 1714 certo

291 1734 644 1799 perspicitur,
673 1750 809 1786 cum
833 1737 988 1787 intra
1011 1735 1153 1787 bina
1177 1734 1379 1787 saltem
1398 1734 1879 1786 Pinnacidiorum
1900 1735 2155 1786 duorum
2176 1734 2362 1786 latera
2382 1734 2495 1786 col-

291 1805 533 1858 lineatio
562 1806 1006 1866 administretur,
1036 1806 1197 1858 velut
1225 1805 1355 1858 haec
1385 1806 1437 1857 &
1467 1805 1586 1857 alia
1613 1805 1717 1857 suo
1747 1805 1894 1866 loco,
1922 1808 2002 1856 vti
2029 1806 2300 1865 diximus,
2328 1806 2492 1870 Radij

291 1877 713 1942 impedimenta
731 1877 1099 1942 patefaciam.

364 1948 541 2012 Quod
561 1948 602 2000 fl
622 1951 755 2013 quis
774 1951 1025 2008 interim,
1047 1965 1126 2001 an
1144 1964 1236 2000 res
1256 1951 1338 2000 ita
1357 1948 1413 2000 se
1434 1949 1665 2008 habeat,
1687 1947 1922 2008 haefitet,
1946 1948 2209 1999 obseruet
2222 1963 2326 2012 per
2341 1963 2494 2008 eum,

293 2022 472 2072 etiam
490 2019 907 2085 diligentissime
928 2036 1064 2072 cum
1087 2020 1363 2072 omnibus
1389 2019 1505 2071 suis
1532 2019 1774 2071 cautelis
1800 2026 2215 2084 praeparatum,
2244 2027 2498 2083 quatuor

291 2090 387 2142 vel
416 2094 679 2156 quinque
709 2091 1039 2152 Stellarum,
1074 2107 1211 2156 quae
1239 2094 1303 2142 in
1330 2091 1491 2143 linea
1518 2089 1690 2151 reeta,
1721 2090 1816 2142 vel
1844 2105 2027 2155 prope
2058 2090 2497 2150 constituuntur,

293 2162 603 2227 separatim
627 2162 905 2215 binarum
929 2162 985 2215 se
1011 2165 1270 2215 inuicem
1296 2162 1794 2226 consequentium,
1823 2161 2133 2221 distantiaS‚
2163 2177 2310 2226 quas
2330 2161 2498 2213 fimul

293 2233 488 2298 postea
508 2236 841 2299 coniungat,
864 2237 1195 2298 experietur
1214 2236 1413 2298 vtique
1433 2233 1726 2285 summam
1747 2235 2018 2284 omnium
2037 2248 2161 2284 non
2182 2231 2396 2293 exacte,
2418 2236 2498 2284 vti

294 2307 566 2370 oportuit,
586 2305 864 2357 binarum
883 2307 1388 2357 remotissimarum
1409 2304 1621 2356 eodem
1641 2307 1819 2356 etiam
1833 2304 2217 2355 Instrumento
2238 2311 2497 2368 accepta-

294 2391 443 2436 rum,
464 2379 546 2428 ita
565 2376 883 2440 adaequare
903 2377 1419 2441 intercapedinem,
1441 2379 1586 2440 quin
1606 2376 1829 2439 aliquid
1850 2382 1951 2427 aut
1970 2374 2203 2439 superfit
2223 2375 2321 2426 uel
2339 2375 2496 2426 defit:

295 2447 347 2498 81
372 2446 413 2498 fi
439 2450 739 2512 contigerit
764 2447 1062 2500 multoties
1090 2447 1614 2512 experimentando
1644 2446 1985 2498 consensum
2011 2445 2365 2497 vniformem
2394 2446 2496 2498 ali-

296 2519 536 2583 quando
562 2519 813 2582 prodire,
840 2519 899 2571 id
925 2522 1120 2583 potius
1141 2519 1276 2570 casu
1296 2534 1478 2582 quam
1498 2525 1620 2570 arte
1641 2517 1720 2577 fit,
1748 2533 1941 2581 neque
1963 2517 2149 2576 scitur,
2178 2517 2417 2580 quando
2439 2517 2496 2568 id

293 2589 590 2654 praestetur
617 2589 780 2649 alia&
808 2598 911 2642 aut
936 2606 1076 2650 non,
1104 2590 1254 2642 adeo
1275 2596 1334 2640 vt
1354 2590 1550 2640 dubiae
1575 2588 1682 2640 fint
1706 2603 1857 2652 pene
1877 2588 2102 2651 semper
2121 2603 2225 2652 per
2245 2588 2497 2639 Radium

293 2658 461 2712 fac’tae
490 2660 897 2721 dimenfioneS‚
927 2661 969 2712 fi
999 2659 1280 2720 exactam,
1310 2667 1370 2711 vt
1399 2663 1461 2710 in
1492 2659 1830 2711 Caelestibus
1860 2659 2038 2717 decet,
2073 2659 2335 2709 amussim
2365 2661 2496 2722 quis

294 2733 568 2795 requirat.

366 2802 530 2866 Quin
540 2809 600 2853 vt
613 2802 844 2866 plenius
859 2802 1037 2854 huius
1052 2805 1136 2854 rei
1149 2802 1478 2866 periculum
1491 2800 1609 2860 fiat,
1626 2803 1933 2865 capiantur
1944 2800 2146 2859 Radi0‚
2158 2800 2270 2860 sex,
2283 2800 2498 2864 septem

293 2873 388 2925 vel
402 2871 532 2925 octo
548 2873 878 2933 Stellarum,
900 2876 1053 2925 circa
1066 2874 1393 2924 Zodiacum
1407 2879 1509 2923 aut
1522 2871 1911 2935 AEquatorem
1926 2872 1999 2923 ab
2014 2874 2287 2931 inuicem,
2308 2886 2496 2922 remo-

292 2947 499 3004 tiones,
526 2947 606 2996 ita
626 2951 686 2995 vt
706 2944 901 2996 Stellae
927 2944 1024 2995 hae
1047 2947 1224 2995 totius
1246 2944 1396 2996 Caeli
1422 2943 1710 2995 ambitum
1735 2942 2055 3002 includant,
2083 2942 2495 2994 adhibeantur-

294 3031 409 3080 que
430 3015 755 3067 earundem
770 3015 1212 3068 Declinationes
1228 3030 1300 3066 ex
1314 3014 1640 3065 Altitudine
1656 3014 2009 3073 Meridiana,
2030 3014 2124 3065 vel
2145 3016 2358 3078 quouis
2378 3013 2497 3064 alio

293 3087 474 3138 modo
495 3086 799 3151 diligenter
820 3085 1156 3150 conquifitae
1173 3085 1698 3150 (quemadmodum
1714 3100 1824 3136 nos
1838 3084 1967 3136 haec
1983 3100 2105 3149 cap.
2121 3085 2170 3136 2.
2188 3084 2497 3148 aliquoties

294 3155 771 3222 practicauimus)
798 3172 1181 3221 nequaquam
1207 3157 1421 3220 aliquis
1446 3158 1709 3207 inueniet
1735 3156 2004 3221 Angulos
2035 3155 2498 3207 differentiarum

295 3228 512 3280 harum
532 3228 847 3281 Stellarum
866 3228 1035 3279 fimul
1054 3243 1262 3279 omnes
1284 3234 1736 3292 coagmentatOS,
1764 3230 2055 3292 integrum
2076 3229 2321 3278 omnino
2342 3242 2497 3278 com—

295 3299 454 3364 plere
471 3299 792 3358 Circulum‚
814 3302 895 3351 ita
908 3306 967 3350 vt
981 3314 1089 3350 nec
1110 3298 1322 3359 hiatus
1345 3314 1452 3349 nec
1468 3299 1716 3350 excessus
1732 3301 2142 3350 committatur.
2165 3297 2342 3360 Quod
2361 3297 2498 3349 sane

296 3370 423 3421 fieri
444 3371 687 3429 deceret,
710 3370 749 3421 fi
770 3370 1053 3422 distantiae
1074 3385 1177 3434 per
1198 3370 1449 3421 Radium
1470 3376 1740 3433 acceptae,
1766 3372 1929 3420 omni
1950 3371 2090 3420 vitio
2110 3376 2403 3420 vacarent.
2432 3369 2498 3419 In

439 3454 483 3486 24
1990 3440 2498 3491 Declinationibus
