<?xml version="1.0" encoding="UTF-8"?>
<!DOCTYPE html PUBLIC "-//W3C//DTD XHTML 1.0 Transitional//EN"
    "http://www.w3.org/TR/xhtml1/DTD/xhtml1-transitional.dtd">
<html xmlns="http://www.w3.org/1999/xhtml" xml:lang="en" lang="en">
 <head>
  <title>
</title>
<meta http-equiv="Content-Type" content="text/html;charset=utf-8" />
  <meta name='ocr-system' content='tesseract 3.04.00' />
  <meta name='ocr-capabilities' content='ocr_page ocr_carea ocr_par ocr_line ocrx_word'/>
</head>
<body>
  <div class='ocr_page' id='page_1' title='image "./operaomniaedidit03brahuoft/operaomniaedidit03brahuoft_0132.png"; bbox 0 0 2976 4264; ppageno 0'>
   <div class='ocr_carea' id='block_1_1' title="bbox 493 297 2195 357">
    <p class='ocr_par' dir='ltr' id='par_1_1' title="bbox 493 297 2195 357">
     <span class='ocr_line' id='line_1_1' title="bbox 493 297 2195 357; baseline -0.005 0"><span class='ocrx_word' id='word_1_1' title='bbox 493 305 585 357; x_wconf 89' lang='grc'>120</span> <span class='ocrx_word' id='word_1_2' title='bbox 994 297 1603 351; x_wconf 90' lang='lat' dir='ltr'>ASTRONOMIAE</span> <span class='ocrx_word' id='word_1_3' title='bbox 1630 297 2195 351; x_wconf 90' lang='lat' dir='ltr'>INSTAURATAE</span> 
     </span>
    </p>
   </div>
   <div class='ocr_carea' id='block_1_2' title="bbox 488 438 2694 1288">
    <p class='ocr_par' dir='ltr' id='par_1_2' title="bbox 488 438 2694 1002">
     <span class='ocr_line' id='line_1_2' title="bbox 493 438 2691 507; baseline -0.003 -9"><span class='ocrx_word' id='word_1_4' title='bbox 493 462 628 498; x_wconf 94' lang='lat' dir='ltr'>cum</span> <span class='ocrx_word' id='word_1_5' title='bbox 649 460 720 496; x_wconf 86' lang='lat' dir='ltr'>ex</span> <span class='ocrx_word' id='word_1_6' title='bbox 739 442 979 507; x_wconf 85' lang='lat' dir='ltr'>professo</span> <span class='ocrx_word' id='word_1_7' title='bbox 1001 441 1071 492; x_wconf 90' lang='lat' dir='ltr'>de</span> <span class='ocrx_word' id='word_1_8' title='bbox 1092 440 1204 492; x_wconf 91' lang='lat' dir='ltr'>hac</span> <span class='ocrx_word' id='word_1_9' title='bbox 1225 454 1483 504; x_wconf 80' lang='lat' dir='ltr'>agemUS,</span> <span class='ocrx_word' id='word_1_10' title='bbox 1511 438 1744 503; x_wconf 86' lang='lat' dir='ltr'><strong>plenius</strong></span> <span class='ocrx_word' id='word_1_11' title='bbox 1765 438 2062 503; x_wconf 88' lang='lat' dir='ltr'>constabit)</span> <span class='ocrx_word' id='word_1_12' title='bbox 2087 455 2211 491; x_wconf 93' lang='lat' dir='ltr'>non</span> <span class='ocrx_word' id='word_1_13' title='bbox 2231 439 2572 493; x_wconf 92' lang='lat' dir='ltr'>didicerunt.</span> <span class='ocrx_word' id='word_1_14' title='bbox 2600 441 2691 492; x_wconf 94' lang='lat' dir='ltr'>In-</span> 
     </span>
     <span class='ocr_line' id='line_1_3' title="bbox 493 510 2691 579; baseline -0.002 -11"><span class='ocrx_word' id='word_1_15' title='bbox 493 517 627 568; x_wconf 88' lang='lat' dir='ltr'>cidit</span> <span class='ocrx_word' id='word_1_16' title='bbox 647 514 885 579; x_wconf 93' lang='lat' dir='ltr'>quidem</span> <span class='ocrx_word' id='word_1_17' title='bbox 904 511 1084 563; x_wconf 92' lang='lat' dir='ltr'>huius</span> <span class='ocrx_word' id='word_1_18' title='bbox 1105 510 1299 563; x_wconf 87' lang='lat' dir='ltr'>Stellae</span> <span class='ocrx_word' id='word_1_19' title='bbox 1320 512 1610 574; x_wconf 88' lang='lat' dir='ltr'>apparitio</span> <span class='ocrx_word' id='word_1_20' title='bbox 1634 512 1697 560; x_wconf 95' lang='lat' dir='ltr'>in</span> <span class='ocrx_word' id='word_1_21' title='bbox 1718 510 1778 562; x_wconf 94' lang='lat' dir='ltr'>id</span> <span class='ocrx_word' id='word_1_22' title='bbox 1803 517 2034 575; x_wconf 90' lang='lat' dir='ltr'>tempus</span> <span class='ocrx_word' id='word_1_23' title='bbox 2059 513 2343 575; x_wconf 86' lang='lat' dir='ltr'>proxime,</span> <span class='ocrx_word' id='word_1_24' title='bbox 2372 527 2491 575; x_wconf 92' lang='lat' dir='ltr'>quo</span> <span class='ocrx_word' id='word_1_25' title='bbox 2513 511 2691 564; x_wconf 90' lang='lat' dir='ltr'>Clau-</span> 
     </span>
     <span class='ocr_line' id='line_1_4' title="bbox 492 581 2693 646; baseline -0.002 -7"><span class='ocrx_word' id='word_1_26' title='bbox 492 588 704 639; x_wconf 84' lang='lat' dir='ltr'>dianus</span> <span class='ocrx_word' id='word_1_27' title='bbox 718 586 897 636; x_wconf 72' lang='lat' dir='ltr'>Poeta</span> <span class='ocrx_word' id='word_1_28' title='bbox 914 582 1016 634; x_wconf 93' lang='lat' dir='ltr'>sub</span> <span class='ocrx_word' id='word_1_29' title='bbox 1038 588 1247 646; x_wconf 93' lang='lat' dir='ltr'>quarto</span> <span class='ocrx_word' id='word_1_30' title='bbox 1263 582 1519 645; x_wconf 87' lang='lat' dir='ltr'>Honorij</span> <span class='ocrx_word' id='word_1_31' title='bbox 1539 581 1843 633; x_wconf 84' lang='lat' dir='ltr'>consulatu</span> <span class='ocrx_word' id='word_1_32' title='bbox 1857 581 2098 634; x_wconf 89' lang='lat' dir='ltr'>Stellam</span> <span class='ocrx_word' id='word_1_33' title='bbox 2117 581 2382 646; x_wconf 88' lang='lat' dir='ltr'>aliquam</span> <span class='ocrx_word' id='word_1_34' title='bbox 2401 582 2693 635; x_wconf 84' lang='lat' dir='ltr'>insolitam</span> 
     </span>
     <span class='ocr_line' id='line_1_5' title="bbox 491 651 2691 717; baseline -0.002 -7"><span class='ocrx_word' id='word_1_35' title='bbox 491 657 744 709; x_wconf 88' lang='lat' dir='ltr'>interdiu</span> <span class='ocrx_word' id='word_1_36' title='bbox 763 654 946 706; x_wconf 87' lang='lat' dir='ltr'>visam</span> <span class='ocrx_word' id='word_1_37' title='bbox 971 652 1165 713; x_wconf 91' lang='lat' dir='ltr'>refert;</span> <span class='ocrx_word' id='word_1_38' title='bbox 1193 651 1343 704; x_wconf 93' lang='lat' dir='ltr'>nihil</span> <span class='ocrx_word' id='word_1_39' title='bbox 1368 658 1569 703; x_wconf 89' lang='lat' dir='ltr'>tamen</span> <span class='ocrx_word' id='word_1_40' title='bbox 1596 655 1734 703; x_wconf 92' lang='lat' dir='ltr'>certi</span> <span class='ocrx_word' id='word_1_41' title='bbox 1761 652 1836 704; x_wconf 94' lang='lat' dir='ltr'>ob</span> <span class='ocrx_word' id='word_1_42' title='bbox 1864 653 2079 704; x_wconf 88' lang='lat' dir='ltr'>caussas</span> <span class='ocrx_word' id='word_1_43' title='bbox 2105 652 2369 717; x_wconf 91' lang='lat' dir='ltr'>superius</span> <span class='ocrx_word' id='word_1_44' title='bbox 2389 654 2691 715; x_wconf 84' lang='lat' dir='ltr'>indicataS‚</span> 
     </span>
     <span class='ocr_line' id='line_1_6' title="bbox 492 723 2691 790; baseline -0.002 -9"><span class='ocrx_word' id='word_1_45' title='bbox 492 744 626 783; x_wconf 92' lang='lat' dir='ltr'>cum</span> <span class='ocrx_word' id='word_1_46' title='bbox 647 727 717 779; x_wconf 95' lang='lat' dir='ltr'>de</span> <span class='ocrx_word' id='word_1_47' title='bbox 737 726 849 777; x_wconf 92' lang='lat' dir='ltr'>hac</span> <span class='ocrx_word' id='word_1_48' title='bbox 869 724 1005 789; x_wconf 91' lang='lat' dir='ltr'>ipsa,</span> <span class='ocrx_word' id='word_1_49' title='bbox 1034 723 1335 775; x_wconf 90' lang='lat' dir='ltr'>occafione</span> <span class='ocrx_word' id='word_1_50' title='bbox 1355 723 1659 774; x_wconf 91' lang='lat' dir='ltr'>literarum</span> <span class='ocrx_word' id='word_1_51' title='bbox 1679 723 1930 775; x_wconf 91' lang='lat' dir='ltr'>consulis</span> <span class='ocrx_word' id='word_1_52' title='bbox 1951 723 2248 790; x_wconf 88' lang='lat' dir='ltr'>Hainzelj‚</span> <span class='ocrx_word' id='word_1_53' title='bbox 2276 740 2527 790; x_wconf 91' lang='lat' dir='ltr'>agerem,</span> <span class='ocrx_word' id='word_1_54' title='bbox 2556 740 2691 776; x_wconf 91' lang='lat' dir='ltr'>con-</span> 
     </span>
     <span class='ocr_line' id='line_1_7' title="bbox 491 793 2694 862; baseline -0.002 -11"><span class='ocrx_word' id='word_1_55' title='bbox 491 799 645 851; x_wconf 90' lang='lat' dir='ltr'>cludi</span> <span class='ocrx_word' id='word_1_56' title='bbox 664 798 813 862; x_wconf 89' lang='lat' dir='ltr'>posse</span> <span class='ocrx_word' id='word_1_57' title='bbox 835 795 1111 848; x_wconf 82' lang='lat' dir='ltr'>existimo,</span> <span class='ocrx_word' id='word_1_58' title='bbox 1134 794 1247 846; x_wconf 93' lang='lat' dir='ltr'>Sed</span> <span class='ocrx_word' id='word_1_59' title='bbox 1267 794 1330 846; x_wconf 88' lang='lat' dir='ltr'>fit</span> <span class='ocrx_word' id='word_1_60' title='bbox 1350 793 1629 858; x_wconf 92' lang='lat' dir='ltr'>quicquid</span> <span class='ocrx_word' id='word_1_61' title='bbox 1649 794 1803 855; x_wconf 88' lang='lat' dir='ltr'>velit,</span> <span class='ocrx_word' id='word_1_62' title='bbox 1824 795 1973 859; x_wconf 89' lang='lat' dir='ltr'>posse</span> <span class='ocrx_word' id='word_1_63' title='bbox 1988 797 2052 846; x_wconf 96' lang='lat' dir='ltr'>in</span> <span class='ocrx_word' id='word_1_64' title='bbox 2067 795 2235 847; x_wconf 88' lang='lat' dir='ltr'>Caelo</span> <span class='ocrx_word' id='word_1_65' title='bbox 2256 811 2694 860; x_wconf 90' lang='lat' dir='ltr'>nonnunquam</span> 
     </span>
     <span class='ocr_line' id='line_1_8' title="bbox 490 865 2693 933; baseline -0.001 -11"><span class='ocrx_word' id='word_1_66' title='bbox 490 885 653 922; x_wconf 91' lang='lat' dir='ltr'>noua</span> <span class='ocrx_word' id='word_1_67' title='bbox 670 868 903 933; x_wconf 90' lang='lat' dir='ltr'>prodire</span> <span class='ocrx_word' id='word_1_68' title='bbox 924 866 1325 931; x_wconf 87' lang='lat' dir='ltr'>phaenomena</span> <span class='ocrx_word' id='word_1_69' title='bbox 1341 865 1473 930; x_wconf 86' lang='lat' dir='ltr'>ipfis</span> <span class='ocrx_word' id='word_1_70' title='bbox 1487 868 1758 930; x_wconf 86' lang='lat' dir='ltr'>genuinis</span> <span class='ocrx_word' id='word_1_71' title='bbox 1774 865 1965 918; x_wconf 92' lang='lat' dir='ltr'>Stellis</span> <span class='ocrx_word' id='word_1_72' title='bbox 1985 866 2428 931; x_wconf 69' lang='lat' dir='ltr'>aequiparanda,</span> <span class='ocrx_word' id='word_1_73' title='bbox 2449 866 2544 918; x_wconf 92' lang='lat' dir='ltr'>vel</span> <span class='ocrx_word' id='word_1_74' title='bbox 2563 865 2693 919; x_wconf 87' lang='lat' dir='ltr'>haec</span> 
     </span>
     <span class='ocr_line' id='line_1_9' title="bbox 488 936 1618 1002; baseline -0.004 -10"><span class='ocrx_word' id='word_1_75' title='bbox 488 941 610 993; x_wconf 91' lang='lat' dir='ltr'>sola</span> <span class='ocrx_word' id='word_1_76' title='bbox 629 938 919 991; x_wconf 87' lang='lat' dir='ltr'>sufficiens</span> <span class='ocrx_word' id='word_1_77' title='bbox 940 937 1189 1002; x_wconf 85' lang='lat' dir='ltr'>praebuit</span> <span class='ocrx_word' id='word_1_78' title='bbox 1207 936 1618 988; x_wconf 84' lang='lat' dir='ltr'>testimonium.</span> 
     </span>
    </p>

    <p class='ocr_par' dir='ltr' id='par_1_3' title="bbox 488 1007 2694 1288">
     <span class='ocr_line' id='line_1_10' title="bbox 559 1007 2693 1075; baseline -0 -13"><span class='ocrx_word' id='word_1_79' title='bbox 559 1012 755 1075; x_wconf 87' lang='lat' dir='ltr'>Atque</span> <span class='ocrx_word' id='word_1_80' title='bbox 786 1012 850 1061; x_wconf 94' lang='lat' dir='ltr'>in</span> <span class='ocrx_word' id='word_1_81' title='bbox 881 1008 1040 1060; x_wconf 93' lang='lat' dir='ltr'>hunc</span> <span class='ocrx_word' id='word_1_82' title='bbox 1072 1008 1319 1059; x_wconf 92' lang='lat' dir='ltr'>modum</span> <span class='ocrx_word' id='word_1_83' title='bbox 1350 1007 1837 1072; x_wconf 90' lang='lat' dir='ltr'>Landgrauianas</span> <span class='ocrx_word' id='word_1_84' title='bbox 1871 1008 2068 1060; x_wconf 92' lang='lat' dir='ltr'>literas</span> <span class='ocrx_word' id='word_1_85' title='bbox 2100 1009 2358 1060; x_wconf 91' lang='lat' dir='ltr'>Peucero</span> <span class='ocrx_word' id='word_1_86' title='bbox 2393 1008 2693 1073; x_wconf 90' lang='lat' dir='ltr'>inscriptas</span> 
     </span>
     <span class='ocr_line' id='line_1_11' title="bbox 488 1078 2694 1144; baseline -0.001 -10"><span class='ocrx_word' id='word_1_87' title='bbox 488 1084 607 1134; x_wconf 80' lang='lat' dir='ltr'>vna</span> <span class='ocrx_word' id='word_1_88' title='bbox 627 1097 762 1133; x_wconf 92' lang='lat' dir='ltr'>cum</span> <span class='ocrx_word' id='word_1_89' title='bbox 782 1078 1059 1132; x_wconf 68' lang='lat' dir='ltr'>adiuncla</span> <span class='ocrx_word' id='word_1_90' title='bbox 1078 1079 1418 1144; x_wconf 90' lang='lat' dir='ltr'>appendice,</span> <span class='ocrx_word' id='word_1_91' title='bbox 1439 1078 1540 1130; x_wconf 92' lang='lat' dir='ltr'>sub</span> <span class='ocrx_word' id='word_1_92' title='bbox 1557 1078 2080 1131; x_wconf 78' lang='lat' dir='ltr'>considerationem</span> <span class='ocrx_word' id='word_1_93' title='bbox 2094 1081 2313 1132; x_wconf 86' lang='lat' dir='ltr'>vocasse</span> <span class='ocrx_word' id='word_1_94' title='bbox 2327 1079 2593 1132; x_wconf 86' lang='lat' dir='ltr'>sufficiat:</span> <span class='ocrx_word' id='word_1_95' title='bbox 2614 1081 2694 1132; x_wconf 91' lang='lat' dir='ltr'>At</span> 
     </span>
     <span class='ocr_line' id='line_1_12' title="bbox 489 1149 2694 1218; baseline -0.001 -13"><span class='ocrx_word' id='word_1_96' title='bbox 489 1154 630 1218; x_wconf 93' lang='lat' dir='ltr'>quid</span> <span class='ocrx_word' id='word_1_97' title='bbox 659 1152 775 1217; x_wconf 93' lang='lat' dir='ltr'>ipse</span> <span class='ocrx_word' id='word_1_98' title='bbox 805 1152 1096 1203; x_wconf 92' lang='lat' dir='ltr'>Peucerus</span> <span class='ocrx_word' id='word_1_99' title='bbox 1126 1151 1201 1202; x_wconf 93' lang='lat' dir='ltr'>ad</span> <span class='ocrx_word' id='word_1_100' title='bbox 1230 1150 1340 1202; x_wconf 91' lang='lat' dir='ltr'>has</span> <span class='ocrx_word' id='word_1_101' title='bbox 1369 1149 1726 1214; x_wconf 91' lang='lat' dir='ltr'>rescripserit,</span> <span class='ocrx_word' id='word_1_102' title='bbox 1761 1149 1986 1203; x_wconf 72' lang='lat' dir='ltr'>adiecto</span> <span class='ocrx_word' id='word_1_103' title='bbox 2018 1154 2277 1216; x_wconf 93' lang='lat' dir='ltr'>primum</span> <span class='ocrx_word' id='word_1_104' title='bbox 2309 1151 2694 1216; x_wconf 83' lang='lat' dir='ltr'>responsionis</span> 
     </span>
     <span class='ocr_line' id='line_1_13' title="bbox 489 1222 1411 1288; baseline -0.004 -11"><span class='ocrx_word' id='word_1_105' title='bbox 489 1223 827 1288; x_wconf 89' lang='lat' dir='ltr'>exemplari,</span> <span class='ocrx_word' id='word_1_106' title='bbox 848 1238 989 1274; x_wconf 88' lang='lat' dir='ltr'>mox</span> <span class='ocrx_word' id='word_1_107' title='bbox 1010 1222 1411 1287; x_wconf 92' lang='lat' dir='ltr'>disquiremus.</span> 
     </span>
    </p>
   </div>
   <div class='ocr_carea' id='block_1_3' title="bbox 559 1364 2622 1583">
    <p class='ocr_par' dir='ltr' id='par_1_4' title="bbox 559 1364 2622 1583">
     <span class='ocr_line' id='line_1_14' title="bbox 559 1364 2622 1419; baseline -0.001 0"><span class='ocrx_word' id='word_1_108' title='bbox 559 1365 1127 1419; x_wconf 89' lang='lat' dir='ltr'>APOGRAPHVM</span> <span class='ocrx_word' id='word_1_109' title='bbox 1153 1364 1614 1415; x_wconf 90' lang='lat' dir='ltr'>LITERARVM</span> <span class='ocrx_word' id='word_1_110' title='bbox 1642 1364 1977 1417; x_wconf 89' lang='lat' dir='ltr'>CLARISS.</span> <span class='ocrx_word' id='word_1_111' title='bbox 2005 1364 2161 1416; x_wconf 92' lang='lat' dir='ltr'>VIRI</span> <span class='ocrx_word' id='word_1_112' title='bbox 2188 1365 2262 1416; x_wconf 91' lang='lat' dir='ltr'>D.</span> <span class='ocrx_word' id='word_1_113' title='bbox 2292 1364 2622 1417; x_wconf 90' lang='lat' dir='ltr'>CASPARI</span> 
     </span>
     <span class='ocr_line' id='line_1_15' title="bbox 748 1446 2432 1511; baseline 0 -11"><span class='ocrx_word' id='word_1_114' title='bbox 748 1448 1093 1509; x_wconf 92' lang='lat' dir='ltr'>PEVCERI,</span> <span class='ocrx_word' id='word_1_115' title='bbox 1122 1447 1405 1511; x_wconf 91' lang='lat' dir='ltr'><strong>QVIBVS</strong></span> <span class='ocrx_word' id='word_1_116' title='bbox 1431 1446 2155 1500; x_wconf 90' lang='lat' dir='ltr'>ANTECEDENTIBVS</span> <span class='ocrx_word' id='word_1_117' title='bbox 2182 1448 2432 1500; x_wconf 93' lang='lat' dir='ltr'>LAND-</span> 
     </span>
     <span class='ocr_line' id='line_1_16' title="bbox 1124 1530 2063 1583; baseline -0.001 0"><span class='ocrx_word' id='word_1_118' title='bbox 1124 1530 1554 1583; x_wconf 90' lang='lat' dir='ltr'>GRAVIANIS</span> <span class='ocrx_word' id='word_1_119' title='bbox 1581 1530 2063 1583; x_wconf 91' lang='lat' dir='ltr'>RESPONDET.</span> 
     </span>
    </p>
   </div>
   <div class='ocr_carea' id='block_1_4' title="bbox 487 1623 2696 3402">
    <p class='ocr_par' dir='ltr' id='par_1_5' title="bbox 487 1623 2696 3402">
     <span class='ocr_line' id='line_1_17' title="bbox 560 1623 2692 1678; baseline -0 -10"><span class='ocrx_word' id='word_1_120' title='bbox 560 1625 887 1669; x_wconf 85' lang='lat' dir='ltr'>Illustrissime</span> <span class='ocrx_word' id='word_1_121' title='bbox 898 1624 1141 1678; x_wconf 91' lang='lat' dir='ltr'>Princeps</span> <span class='ocrx_word' id='word_1_122' title='bbox 1153 1623 1382 1667; x_wconf 88' lang='lat' dir='ltr'>Domine</span> <span class='ocrx_word' id='word_1_123' title='bbox 1394 1623 1809 1675; x_wconf 88' lang='lat' dir='ltr'>Clementissime,</span> <span class='ocrx_word' id='word_1_124' title='bbox 1825 1623 2023 1678; x_wconf 90' lang='lat' dir='ltr'>Accepi</span> <span class='ocrx_word' id='word_1_125' title='bbox 2037 1636 2069 1666; x_wconf 89' lang='lat' dir='ltr'>a</span> <span class='ocrx_word' id='word_1_126' title='bbox 2079 1623 2377 1667; x_wconf 89' lang='lat' dir='ltr'>Tabellario</span> <span class='ocrx_word' id='word_1_127' title='bbox 2389 1623 2626 1666; x_wconf 87' lang='lat' dir='ltr'>Celfitud.</span> <span class='ocrx_word' id='word_1_128' title='bbox 2638 1623 2692 1667; x_wconf 95' lang='lat' dir='ltr'>T.</span> 
     </span>
     <span class='ocr_line' id='line_1_18' title="bbox 488 1682 2694 1739; baseline -0.001 -11"><span class='ocrx_word' id='word_1_129' title='bbox 488 1686 681 1737; x_wconf 88' lang='lat' dir='ltr'>literas,</span> <span class='ocrx_word' id='word_1_130' title='bbox 705 1684 892 1739; x_wconf 90' lang='lat' dir='ltr'>quibus</span> <span class='ocrx_word' id='word_1_131' title='bbox 913 1685 1019 1727; x_wconf 92' lang='lat' dir='ltr'>duo</span> <span class='ocrx_word' id='word_1_132' title='bbox 1033 1683 1303 1738; x_wconf 86' lang='lat' dir='ltr'>praecipue</span> <span class='ocrx_word' id='word_1_133' title='bbox 1318 1683 1495 1737; x_wconf 89' lang='lat' dir='ltr'>capita</span> <span class='ocrx_word' id='word_1_134' title='bbox 1510 1683 1931 1727; x_wconf 86' lang='lat' dir='ltr'>continebantur.</span> <span class='ocrx_word' id='word_1_135' title='bbox 1956 1683 2131 1726; x_wconf 91' lang='lat' dir='ltr'>Vnum</span> <span class='ocrx_word' id='word_1_136' title='bbox 2146 1683 2212 1726; x_wconf 92' lang='lat' dir='ltr'>de</span> <span class='ocrx_word' id='word_1_137' title='bbox 2226 1683 2382 1727; x_wconf 93' lang='lat' dir='ltr'>Nouo</span> <span class='ocrx_word' id='word_1_138' title='bbox 2398 1683 2438 1725; x_wconf 77' lang='lat'>81</span> <span class='ocrx_word' id='word_1_139' title='bbox 2452 1682 2694 1726; x_wconf 82' lang='lat' dir='ltr'>inusitato</span> 
     </span>
     <span class='ocr_line' id='line_1_19' title="bbox 489 1741 2696 1798; baseline -0.002 -10"><span class='ocrx_word' id='word_1_140' title='bbox 489 1745 685 1796; x_wconf 89' lang='lat' dir='ltr'>Sidere,</span> <span class='ocrx_word' id='word_1_141' title='bbox 708 1744 851 1798; x_wconf 91' lang='lat' dir='ltr'>quod</span> <span class='ocrx_word' id='word_1_142' title='bbox 870 1744 923 1786; x_wconf 90' lang='lat' dir='ltr'>in</span> <span class='ocrx_word' id='word_1_143' title='bbox 942 1743 1179 1798; x_wconf 91' lang='lat' dir='ltr'>pluribus</span> <span class='ocrx_word' id='word_1_144' title='bbox 1201 1754 1264 1786; x_wconf 90' lang='lat' dir='ltr'>ac</span> <span class='ocrx_word' id='word_1_145' title='bbox 1286 1742 1501 1786; x_wconf 83' lang='lat' dir='ltr'>diuersis</span> <span class='ocrx_word' id='word_1_146' title='bbox 1519 1742 1828 1785; x_wconf 89' lang='lat' dir='ltr'>Climatibus</span> <span class='ocrx_word' id='word_1_147' title='bbox 1850 1742 2167 1797; x_wconf 90' lang='lat' dir='ltr'>conspicitur</span> <span class='ocrx_word' id='word_1_148' title='bbox 2187 1743 2278 1786; x_wconf 93' lang='lat' dir='ltr'>sub</span> <span class='ocrx_word' id='word_1_149' title='bbox 2299 1743 2492 1786; x_wconf 90' lang='lat' dir='ltr'>eodem</span> <span class='ocrx_word' id='word_1_150' title='bbox 2507 1741 2696 1786; x_wconf 71' lang='lat' dir='ltr'>Odtaui</span> 
     </span>
     <span class='ocr_line' id='line_1_20' title="bbox 489 1801 2696 1857; baseline -0.001 -10"><span class='ocrx_word' id='word_1_151' title='bbox 489 1804 645 1848; x_wconf 90' lang='lat' dir='ltr'>Orbis</span> <span class='ocrx_word' id='word_1_152' title='bbox 659 1803 937 1847; x_wconf 89' lang='lat' dir='ltr'>Asterismo</span> <span class='ocrx_word' id='word_1_153' title='bbox 953 1803 994 1844; x_wconf 70' lang='lat'>82</span> <span class='ocrx_word' id='word_1_154' title='bbox 1006 1801 1223 1857; x_wconf 75' lang='lat' dir='ltr'>pund’to:</span> <span class='ocrx_word' id='word_1_155' title='bbox 1245 1803 1485 1845; x_wconf 89' lang='lat' dir='ltr'>Alterum</span> <span class='ocrx_word' id='word_1_156' title='bbox 1503 1802 1569 1845; x_wconf 91' lang='lat' dir='ltr'>de</span> <span class='ocrx_word' id='word_1_157' title='bbox 1584 1802 1926 1856; x_wconf 83' lang='lat' dir='ltr'>Cometarum</span> <span class='ocrx_word' id='word_1_158' title='bbox 1947 1805 2138 1845; x_wconf 88' lang='lat' dir='ltr'>natura</span> <span class='ocrx_word' id='word_1_159' title='bbox 2157 1802 2211 1844; x_wconf 94' lang='lat' dir='ltr'>in</span> <span class='ocrx_word' id='word_1_160' title='bbox 2229 1813 2434 1857; x_wconf 88' lang='lat' dir='ltr'>genere.</span> <span class='ocrx_word' id='word_1_161' title='bbox 2457 1802 2536 1845; x_wconf 92' lang='lat' dir='ltr'>De</span> <span class='ocrx_word' id='word_1_162' title='bbox 2556 1804 2696 1845; x_wconf 90' lang='lat' dir='ltr'>utro-</span> 
     </span>
     <span class='ocr_line' id='line_1_21' title="bbox 489 1860 2691 1918; baseline -0.001 -11"><span class='ocrx_word' id='word_1_163' title='bbox 489 1875 591 1918; x_wconf 90' lang='lat' dir='ltr'>que</span> <span class='ocrx_word' id='word_1_164' title='bbox 604 1864 789 1918; x_wconf 87' lang='lat' dir='ltr'>paucis</span> <span class='ocrx_word' id='word_1_165' title='bbox 802 1862 1148 1917; x_wconf 89' lang='lat' dir='ltr'>respondebo,</span> <span class='ocrx_word' id='word_1_166' title='bbox 1165 1864 1424 1916; x_wconf 90' lang='lat' dir='ltr'>quantum</span> <span class='ocrx_word' id='word_1_167' title='bbox 1437 1862 1490 1904; x_wconf 92' lang='lat' dir='ltr'>in</span> <span class='ocrx_word' id='word_1_168' title='bbox 1503 1861 1607 1904; x_wconf 90' lang='lat' dir='ltr'>hac</span> <span class='ocrx_word' id='word_1_169' title='bbox 1623 1873 1868 1904; x_wconf 85' lang='lat' dir='ltr'>mearum</span> <span class='ocrx_word' id='word_1_170' title='bbox 1883 1861 2299 1916; x_wconf 88' lang='lat' dir='ltr'>occupationum</span> <span class='ocrx_word' id='word_1_171' title='bbox 2312 1862 2455 1905; x_wconf 91' lang='lat' dir='ltr'>mole</span> <span class='ocrx_word' id='word_1_172' title='bbox 2468 1860 2691 1905; x_wconf 89' lang='lat' dir='ltr'>licuerit:</span> 
     </span>
     <span class='ocr_line' id='line_1_22' title="bbox 489 1920 2695 1977; baseline -0.001 -11"><span class='ocrx_word' id='word_1_173' title='bbox 489 1924 568 1966; x_wconf 92' lang='lat' dir='ltr'>De</span> <span class='ocrx_word' id='word_1_174' title='bbox 583 1923 761 1966; x_wconf 88' lang='lat' dir='ltr'>Sidere</span> <span class='ocrx_word' id='word_1_175' title='bbox 782 1922 891 1977; x_wconf 92' lang='lat' dir='ltr'>ipso</span> <span class='ocrx_word' id='word_1_176' title='bbox 913 1921 1222 1965; x_wconf 86' lang='lat' dir='ltr'>sententiam</span> <span class='ocrx_word' id='word_1_177' title='bbox 1237 1922 1278 1964; x_wconf 86' lang='grc' dir='ltr'>8ι</span> <span class='ocrx_word' id='word_1_178' title='bbox 1293 1920 1700 1964; x_wconf 88' lang='lat' dir='ltr'>Obseruationes</span> <span class='ocrx_word' id='word_1_179' title='bbox 1720 1921 1923 1964; x_wconf 88' lang='lat' dir='ltr'>nostras</span> <span class='ocrx_word' id='word_1_180' title='bbox 1942 1921 2211 1976; x_wconf 78' lang='lat' dir='ltr'>perscripsi</span> <span class='ocrx_word' id='word_1_181' title='bbox 2226 1922 2295 1964; x_wconf 90' lang='lat' dir='ltr'>ad</span> <span class='ocrx_word' id='word_1_182' title='bbox 2309 1920 2544 1965; x_wconf 84' lang='lat' dir='ltr'>Illustriss.</span> <span class='ocrx_word' id='word_1_183' title='bbox 2561 1921 2695 1963; x_wconf 92' lang='lat' dir='ltr'>Prin-</span> 
     </span>
     <span class='ocr_line' id='line_1_23' title="bbox 489 1980 2695 2037; baseline -0.001 -11"><span class='ocrx_word' id='word_1_184' title='bbox 489 1982 663 2037; x_wconf 85' lang='lat' dir='ltr'>cipem</span> <span class='ocrx_word' id='word_1_185' title='bbox 679 1980 971 2037; x_wconf 73' lang='lat' dir='ltr'>Elecstorem</span> <span class='ocrx_word' id='word_1_186' title='bbox 986 1981 1233 2024; x_wconf 85' lang='lat' dir='ltr'>Saxoniae</span> <span class='ocrx_word' id='word_1_187' title='bbox 1249 1981 1540 2023; x_wconf 91' lang='lat' dir='ltr'>Dominum</span> <span class='ocrx_word' id='word_1_188' title='bbox 1558 1981 1793 2023; x_wconf 90' lang='lat' dir='ltr'>nostrum</span> <span class='ocrx_word' id='word_1_189' title='bbox 1809 1980 2286 2024; x_wconf 87' lang='lat' dir='ltr'>Clementissimum.</span> <span class='ocrx_word' id='word_1_190' title='bbox 2311 1981 2505 2023; x_wconf 90' lang='lat' dir='ltr'>Earum</span> <span class='ocrx_word' id='word_1_191' title='bbox 2525 1981 2695 2024; x_wconf 89' lang='lat' dir='ltr'>litera-</span> 
     </span>
     <span class='ocr_line' id='line_1_24' title="bbox 488 2039 2694 2095; baseline -0.001 -11"><span class='ocrx_word' id='word_1_192' title='bbox 488 2054 610 2084; x_wconf 89' lang='lat' dir='ltr'>rum</span> <span class='ocrx_word' id='word_1_193' title='bbox 630 2042 935 2095; x_wconf 85' lang='lat' dir='ltr'>exemplum</span> <span class='ocrx_word' id='word_1_194' title='bbox 955 2052 1080 2083; x_wconf 89' lang='lat' dir='ltr'>cum</span> <span class='ocrx_word' id='word_1_195' title='bbox 1099 2040 1456 2083; x_wconf 87' lang='lat' dir='ltr'>intellexissem</span> <span class='ocrx_word' id='word_1_196' title='bbox 1477 2040 1681 2083; x_wconf 88' lang='lat' dir='ltr'>missum</span> <span class='ocrx_word' id='word_1_197' title='bbox 1697 2040 1795 2083; x_wconf 87' lang='lat' dir='ltr'>esse</span> <span class='ocrx_word' id='word_1_198' title='bbox 1811 2041 1879 2083; x_wconf 88' lang='lat' dir='ltr'>ad</span> <span class='ocrx_word' id='word_1_199' title='bbox 1894 2040 2057 2083; x_wconf 86' lang='lat' dir='ltr'>Celfit.</span> <span class='ocrx_word' id='word_1_200' title='bbox 2072 2040 2126 2082; x_wconf 92' lang='lat' dir='ltr'>T.</span> <span class='ocrx_word' id='word_1_201' title='bbox 2145 2040 2450 2083; x_wconf 86' lang='lat' dir='ltr'>summatim</span> <span class='ocrx_word' id='word_1_202' title='bbox 2463 2039 2694 2094; x_wconf 88' lang='lat' dir='ltr'>repetitis</span> 
     </span>
     <span class='ocr_line' id='line_1_25' title="bbox 489 2097 2693 2156; baseline -0.001 -12"><span class='ocrx_word' id='word_1_203' title='bbox 489 2100 771 2156; x_wconf 82' lang='lat' dir='ltr'>praecipuis</span> <span class='ocrx_word' id='word_1_204' title='bbox 798 2100 1073 2154; x_wconf 88' lang='lat' dir='ltr'>capitibus,</span> <span class='ocrx_word' id='word_1_205' title='bbox 1103 2099 1350 2155; x_wconf 75' lang='lat' dir='ltr'>adiiciam</span> <span class='ocrx_word' id='word_1_206' title='bbox 1377 2111 1455 2151; x_wconf 91' lang='lat' dir='ltr'>ea,</span> <span class='ocrx_word' id='word_1_207' title='bbox 1488 2111 1609 2153; x_wconf 86' lang='lat' dir='ltr'>quae</span> <span class='ocrx_word' id='word_1_208' title='bbox 1634 2099 1835 2142; x_wconf 87' lang='lat' dir='ltr'>iteratis</span> <span class='ocrx_word' id='word_1_209' title='bbox 1862 2099 2332 2151; x_wconf 83' lang='lat' dir='ltr'>obseruationibus,</span> <span class='ocrx_word' id='word_1_210' title='bbox 2361 2099 2401 2141; x_wconf 77' lang='lat'>81</span> <span class='ocrx_word' id='word_1_211' title='bbox 2427 2097 2693 2142; x_wconf 79' lang='lat' dir='ltr'>exac‘tiore</span> 
     </span>
     <span class='ocr_line' id='line_1_26' title="bbox 490 2158 2694 2213; baseline -0.001 -10"><span class='ocrx_word' id='word_1_212' title='bbox 490 2161 698 2203; x_wconf 91' lang='lat' dir='ltr'>calculo</span> <span class='ocrx_word' id='word_1_213' title='bbox 719 2159 971 2211; x_wconf 92' lang='lat' dir='ltr'>adhibito,</span> <span class='ocrx_word' id='word_1_214' title='bbox 993 2159 1398 2202; x_wconf 88' lang='lat' dir='ltr'>emendauimus</span> <span class='ocrx_word' id='word_1_215' title='bbox 1410 2158 1464 2201; x_wconf 91' lang='lat' dir='ltr'>in</span> <span class='ocrx_word' id='word_1_216' title='bbox 1478 2158 1755 2213; x_wconf 91' lang='lat' dir='ltr'>prioribus,</span> <span class='ocrx_word' id='word_1_217' title='bbox 1778 2171 2005 2213; x_wconf 85' lang='lat' dir='ltr'>quaeque</span> <span class='ocrx_word' id='word_1_218' title='bbox 2020 2162 2226 2202; x_wconf 90' lang='lat' dir='ltr'>mutata</span> <span class='ocrx_word' id='word_1_219' title='bbox 2240 2159 2339 2202; x_wconf 86' lang='lat' dir='ltr'>esse</span> <span class='ocrx_word' id='word_1_220' title='bbox 2354 2158 2694 2213; x_wconf 88' lang='lat' dir='ltr'>deprehendi-</span> 
     </span>
     <span class='ocr_line' id='line_1_27' title="bbox 491 2217 2693 2273; baseline 0 -11"><span class='ocrx_word' id='word_1_221' title='bbox 491 2232 624 2262; x_wconf 89' lang='lat' dir='ltr'>mus.</span> <span class='ocrx_word' id='word_1_222' title='bbox 649 2218 814 2262; x_wconf 90' lang='lat' dir='ltr'>Nullis</span> <span class='ocrx_word' id='word_1_223' title='bbox 834 2231 1073 2273; x_wconf 89' lang='lat' dir='ltr'>unquam</span> <span class='ocrx_word' id='word_1_224' title='bbox 1094 2218 1277 2261; x_wconf 91' lang='lat' dir='ltr'>seculis</span> <span class='ocrx_word' id='word_1_225' title='bbox 1297 2218 1350 2261; x_wconf 91' lang='lat' dir='ltr'>in</span> <span class='ocrx_word' id='word_1_226' title='bbox 1368 2218 1473 2261; x_wconf 88' lang='lat' dir='ltr'>hoc</span> <span class='ocrx_word' id='word_1_227' title='bbox 1496 2217 1670 2261; x_wconf 68' lang='lat' dir='ltr'>Octaui</span> <span class='ocrx_word' id='word_1_228' title='bbox 1690 2218 1834 2261; x_wconf 89' lang='lat' dir='ltr'>orbis</span> <span class='ocrx_word' id='word_1_229' title='bbox 1853 2220 1974 2261; x_wconf 89' lang='lat' dir='ltr'>loco</span> <span class='ocrx_word' id='word_1_230' title='bbox 1996 2219 2086 2262; x_wconf 91' lang='lat' dir='ltr'>sub</span> <span class='ocrx_word' id='word_1_231' title='bbox 2107 2218 2387 2262; x_wconf 88' lang='lat' dir='ltr'>Asterismo</span> <span class='ocrx_word' id='word_1_232' title='bbox 2410 2217 2693 2273; x_wconf 85' lang='lat' dir='ltr'>Cassiopeae</span> 
     </span>
     <span class='ocr_line' id='line_1_28' title="bbox 488 2277 2693 2333; baseline -0 -12"><span class='ocrx_word' id='word_1_233' title='bbox 488 2280 594 2322; x_wconf 89' lang='lat' dir='ltr'>tale</span> <span class='ocrx_word' id='word_1_234' title='bbox 609 2279 760 2330; x_wconf 87' lang='lat' dir='ltr'>fidus,</span> <span class='ocrx_word' id='word_1_235' title='bbox 782 2279 874 2321; x_wconf 90' lang='lat' dir='ltr'>tali</span> <span class='ocrx_word' id='word_1_236' title='bbox 895 2278 1079 2332; x_wconf 88' lang='lat' dir='ltr'>specie,</span> <span class='ocrx_word' id='word_1_237' title='bbox 1102 2278 1392 2333; x_wconf 86' lang='lat' dir='ltr'>splendore,</span> <span class='ocrx_word' id='word_1_238' title='bbox 1414 2278 1788 2332; x_wconf 89' lang='lat' dir='ltr'>magnitudine,</span> <span class='ocrx_word' id='word_1_239' title='bbox 1811 2277 2151 2332; x_wconf 73' lang='lat' dir='ltr'>conspecstum</span> <span class='ocrx_word' id='word_1_240' title='bbox 2166 2278 2280 2330; x_wconf 89' lang='lat' dir='ltr'>esse‚</span> <span class='ocrx_word' id='word_1_241' title='bbox 2302 2279 2458 2332; x_wconf 90' lang='lat' dir='ltr'>plane</span> <span class='ocrx_word' id='word_1_242' title='bbox 2473 2277 2693 2321; x_wconf 90' lang='lat' dir='ltr'>dubium</span> 
     </span>
     <span class='ocr_line' id='line_1_29' title="bbox 490 2337 2694 2393; baseline -0 -12"><span class='ocrx_word' id='word_1_243' title='bbox 490 2350 598 2381; x_wconf 90' lang='lat' dir='ltr'>non</span> <span class='ocrx_word' id='word_1_244' title='bbox 617 2338 704 2381; x_wconf 87' lang='lat' dir='ltr'>est.</span> <span class='ocrx_word' id='word_1_245' title='bbox 728 2338 912 2393; x_wconf 90' lang='lat' dir='ltr'>Figura</span> <span class='ocrx_word' id='word_1_246' title='bbox 932 2338 1121 2380; x_wconf 88' lang='lat' dir='ltr'>Stellas</span> <span class='ocrx_word' id='word_1_247' title='bbox 1140 2337 1321 2389; x_wconf 89' lang='lat' dir='ltr'>refert;</span> <span class='ocrx_word' id='word_1_248' title='bbox 1353 2337 1570 2392; x_wconf 90' lang='lat' dir='ltr'>fulgore,</span> <span class='ocrx_word' id='word_1_249' title='bbox 1593 2337 1819 2391; x_wconf 91' lang='lat' dir='ltr'>puritate</span> <span class='ocrx_word' id='word_1_250' title='bbox 1840 2337 2051 2380; x_wconf 90' lang='lat' dir='ltr'>luminis</span> <span class='ocrx_word' id='word_1_251' title='bbox 2071 2338 2111 2380; x_wconf 74' lang='grc' dir='ltr'>ἃ</span> <span class='ocrx_word' id='word_1_252' title='bbox 2133 2337 2507 2392; x_wconf 87' lang='lat' dir='ltr'>magnitudine,</span> <span class='ocrx_word' id='word_1_253' title='bbox 2533 2337 2694 2380; x_wconf 89' lang='lat' dir='ltr'>utras-</span> 
     </span>
     <span class='ocr_line' id='line_1_30' title="bbox 492 2395 2689 2452; baseline -0.001 -11"><span class='ocrx_word' id='word_1_254' title='bbox 492 2410 593 2452; x_wconf 91' lang='lat' dir='ltr'>que</span> <span class='ocrx_word' id='word_1_255' title='bbox 620 2400 734 2440; x_wconf 90' lang='lat' dir='ltr'>tam</span> <span class='ocrx_word' id='word_1_256' title='bbox 762 2397 915 2440; x_wconf 88' lang='lat' dir='ltr'>Fixas</span> <span class='ocrx_word' id='word_1_257' title='bbox 944 2409 1108 2451; x_wconf 91' lang='lat' dir='ltr'>quarn</span> <span class='ocrx_word' id='word_1_258' title='bbox 1137 2397 1383 2439; x_wconf 90' lang='lat' dir='ltr'>Errantes</span> <span class='ocrx_word' id='word_1_259' title='bbox 1410 2395 1666 2439; x_wconf 72' lang='lat' dir='ltr'>hatstenus</span> <span class='ocrx_word' id='word_1_260' title='bbox 1696 2397 1959 2451; x_wconf 90' lang='lat' dir='ltr'>superauit</span> <span class='ocrx_word' id='word_1_261' title='bbox 1989 2408 2191 2449; x_wconf 89' lang='lat' dir='ltr'>omnes,</span> <span class='ocrx_word' id='word_1_262' title='bbox 2222 2400 2447 2452; x_wconf 87' lang='lat' dir='ltr'>excepta</span> <span class='ocrx_word' id='word_1_263' title='bbox 2468 2396 2689 2440; x_wconf 90' lang='lat' dir='ltr'>Venere.</span> 
     </span>
     <span class='ocr_line' id='line_1_31' title="bbox 491 2455 2691 2511; baseline 0 -12"><span class='ocrx_word' id='word_1_264' title='bbox 491 2457 654 2500; x_wconf 86' lang='lat' dir='ltr'>Haefit</span> <span class='ocrx_word' id='word_1_265' title='bbox 672 2456 945 2500; x_wconf 90' lang='lat' dir='ltr'>immobile</span> <span class='ocrx_word' id='word_1_266' title='bbox 964 2456 1018 2499; x_wconf 92' lang='lat' dir='ltr'>in</span> <span class='ocrx_word' id='word_1_267' title='bbox 1036 2468 1143 2499; x_wconf 94' lang='lat' dir='ltr'>uno</span> <span class='ocrx_word' id='word_1_268' title='bbox 1165 2456 1283 2499; x_wconf 84' lang='lat' dir='ltr'>caeli</span> <span class='ocrx_word' id='word_1_269' title='bbox 1303 2457 1423 2499; x_wconf 91' lang='lat' dir='ltr'>loco</span> <span class='ocrx_word' id='word_1_270' title='bbox 1442 2456 1603 2499; x_wconf 89' lang='lat' dir='ltr'>instar</span> <span class='ocrx_word' id='word_1_271' title='bbox 1621 2456 1983 2508; x_wconf 88' lang='lat' dir='ltr'>inerrantium,</span> <span class='ocrx_word' id='word_1_272' title='bbox 2006 2468 2138 2511; x_wconf 91' lang='lat' dir='ltr'>quas</span> <span class='ocrx_word' id='word_1_273' title='bbox 2158 2456 2435 2499; x_wconf 85' lang='lat' dir='ltr'>scintillatu</span> <span class='ocrx_word' id='word_1_274' title='bbox 2449 2455 2612 2499; x_wconf 88' lang='lat' dir='ltr'>etiam</span> <span class='ocrx_word' id='word_1_275' title='bbox 2627 2467 2691 2499; x_wconf 87' lang='lat' dir='ltr'>ac</span> 
     </span>
     <span class='ocr_line' id='line_1_32' title="bbox 488 2515 2692 2570; baseline -0 -11"><span class='ocrx_word' id='word_1_276' title='bbox 488 2519 722 2560; x_wconf 90' lang='lat' dir='ltr'>tremore</span> <span class='ocrx_word' id='word_1_277' title='bbox 742 2515 952 2559; x_wconf 91' lang='lat' dir='ltr'>luminis</span> <span class='ocrx_word' id='word_1_278' title='bbox 973 2516 1226 2570; x_wconf 87' lang='lat' dir='ltr'>expressit,</span> <span class='ocrx_word' id='word_1_279' title='bbox 1253 2527 1377 2559; x_wconf 89' lang='lat' dir='ltr'>cum</span> <span class='ocrx_word' id='word_1_280' title='bbox 1397 2516 1626 2559; x_wconf 83' lang='lat' dir='ltr'>Planetae</span> <span class='ocrx_word' id='word_1_281' title='bbox 1646 2527 1754 2558; x_wconf 90' lang='lat' dir='ltr'>non</span> <span class='ocrx_word' id='word_1_282' title='bbox 1776 2515 2063 2559; x_wconf 85' lang='lat' dir='ltr'>scintillent.</span> <span class='ocrx_word' id='word_1_283' title='bbox 2093 2517 2151 2558; x_wconf 93' lang='lat' dir='ltr'>In</span> <span class='ocrx_word' id='word_1_284' title='bbox 2171 2516 2266 2558; x_wconf 85' lang='lat' dir='ltr'>[itu</span> <span class='ocrx_word' id='word_1_285' title='bbox 2285 2527 2416 2560; x_wconf 90' lang='lat' dir='ltr'>uero</span> <span class='ocrx_word' id='word_1_286' title='bbox 2436 2518 2692 2570; x_wconf 90' lang='lat' dir='ltr'>motuque</span> 
     </span>
     <span class='ocr_line' id='line_1_33' title="bbox 488 2574 2692 2632; baseline 0 -14"><span class='ocrx_word' id='word_1_287' title='bbox 488 2576 667 2631; x_wconf 90' lang='lat' dir='ltr'>(quem</span> <span class='ocrx_word' id='word_1_288' title='bbox 693 2575 856 2618; x_wconf 89' lang='lat' dir='ltr'>alium</span> <span class='ocrx_word' id='word_1_289' title='bbox 885 2575 1116 2618; x_wconf 87' lang='lat' dir='ltr'>habuisse</span> <span class='ocrx_word' id='word_1_290' title='bbox 1145 2576 1348 2618; x_wconf 91' lang='lat' dir='ltr'>nullum</span> <span class='ocrx_word' id='word_1_291' title='bbox 1378 2575 1839 2630; x_wconf 90' lang='lat' dir='ltr'>deprehendimus,</span> <span class='ocrx_word' id='word_1_292' title='bbox 1872 2587 2036 2629; x_wconf 91' lang='lat' dir='ltr'>quam</span> <span class='ocrx_word' id='word_1_293' title='bbox 2063 2588 2095 2618; x_wconf 88' lang='lat' dir='ltr'>a</span> <span class='ocrx_word' id='word_1_294' title='bbox 2121 2575 2305 2618; x_wconf 89' lang='lat' dir='ltr'>mundi</span> <span class='ocrx_word' id='word_1_295' title='bbox 2330 2574 2692 2632; x_wconf 87' lang='lat' dir='ltr'>conuerfione)</span> 
     </span>
     <span class='ocr_line' id='line_1_34' title="bbox 489 2633 2692 2689; baseline 0 -12"><span class='ocrx_word' id='word_1_296' title='bbox 489 2634 839 2678; x_wconf 89' lang='lat' dir='ltr'>mutationem</span> <span class='ocrx_word' id='word_1_297' title='bbox 860 2635 1061 2677; x_wconf 92' lang='lat' dir='ltr'>nullam</span> <span class='ocrx_word' id='word_1_298' title='bbox 1082 2634 1220 2686; x_wconf 90' lang='lat' dir='ltr'>fecit,</span> <span class='ocrx_word' id='word_1_299' title='bbox 1242 2634 1362 2678; x_wconf 92' lang='lat' dir='ltr'>inde</span> <span class='ocrx_word' id='word_1_300' title='bbox 1382 2635 1544 2688; x_wconf 91' lang='lat' dir='ltr'>usque</span> <span class='ocrx_word' id='word_1_301' title='bbox 1565 2634 1632 2677; x_wconf 88' lang='lat' dir='ltr'>ab</span> <span class='ocrx_word' id='word_1_302' title='bbox 1653 2634 1814 2678; x_wconf 92' lang='lat' dir='ltr'>initio.</span> <span class='ocrx_word' id='word_1_303' title='bbox 1837 2635 1940 2678; x_wconf 92' lang='lat' dir='ltr'>Sed</span> <span class='ocrx_word' id='word_1_304' title='bbox 1954 2646 2180 2689; x_wconf 87' lang='lat' dir='ltr'>corpore</span> <span class='ocrx_word' id='word_1_305' title='bbox 2195 2634 2472 2686; x_wconf 88' lang='lat' dir='ltr'>attenuari,</span> <span class='ocrx_word' id='word_1_306' title='bbox 2494 2633 2692 2677; x_wconf 89' lang='lat' dir='ltr'>lumine</span> 
     </span>
     <span class='ocr_line' id='line_1_35' title="bbox 488 2693 2692 2749; baseline 0 -13"><span class='ocrx_word' id='word_1_307' title='bbox 488 2694 668 2745; x_wconf 89' lang='lat' dir='ltr'>minui,</span> <span class='ocrx_word' id='word_1_308' title='bbox 697 2694 738 2736; x_wconf 79' lang='lat'>81</span> <span class='ocrx_word' id='word_1_309' title='bbox 763 2694 973 2737; x_wconf 88' lang='lat' dir='ltr'>radiatu</span> <span class='ocrx_word' id='word_1_310' title='bbox 999 2695 1239 2738; x_wconf 92' lang='lat' dir='ltr'>colorem</span> <span class='ocrx_word' id='word_1_311' title='bbox 1265 2706 1332 2737; x_wconf 89' lang='lat' dir='ltr'>ex</span> <span class='ocrx_word' id='word_1_312' title='bbox 1357 2694 1533 2737; x_wconf 91' lang='lat' dir='ltr'>lucido</span> <span class='ocrx_word' id='word_1_313' title='bbox 1560 2693 1879 2749; x_wconf 88' lang='lat' dir='ltr'>fulgidoque,</span> <span class='ocrx_word' id='word_1_314' title='bbox 1911 2705 2017 2748; x_wconf 93' lang='lat' dir='ltr'>quo</span> <span class='ocrx_word' id='word_1_315' title='bbox 2046 2694 2404 2737; x_wconf 67' lang='lat' dir='ltr'>aemulabatur</span> <span class='ocrx_word' id='word_1_316' title='bbox 2427 2693 2692 2737; x_wconf 90' lang='lat' dir='ltr'>Venerem</span> 
     </span>
     <span class='ocr_line' id='line_1_36' title="bbox 489 2753 2690 2808; baseline 0 -12"><span class='ocrx_word' id='word_1_317' title='bbox 489 2754 793 2807; x_wconf 90' lang='lat' dir='ltr'>Iouemque,</span> <span class='ocrx_word' id='word_1_318' title='bbox 820 2753 893 2796; x_wconf 91' lang='lat' dir='ltr'>ita</span> <span class='ocrx_word' id='word_1_319' title='bbox 918 2756 976 2796; x_wconf 93' lang='lat' dir='ltr'>ut</span> <span class='ocrx_word' id='word_1_320' title='bbox 999 2753 1142 2797; x_wconf 91' lang='lat' dir='ltr'>hunc</span> <span class='ocrx_word' id='word_1_321' title='bbox 1168 2753 1420 2805; x_wconf 89' lang='lat' dir='ltr'>uinceret,</span> <span class='ocrx_word' id='word_1_322' title='bbox 1449 2754 1516 2797; x_wconf 92' lang='lat' dir='ltr'>ab</span> <span class='ocrx_word' id='word_1_323' title='bbox 1543 2753 1632 2796; x_wconf 91' lang='lat' dir='ltr'>illa</span> <span class='ocrx_word' id='word_1_324' title='bbox 1656 2753 2004 2808; x_wconf 87' lang='lat' dir='ltr'>superaretur,</span> <span class='ocrx_word' id='word_1_325' title='bbox 2028 2754 2269 2797; x_wconf 89' lang='lat' dir='ltr'>alterare.</span> <span class='ocrx_word' id='word_1_326' title='bbox 2299 2753 2546 2796; x_wconf 92' lang='lat' dir='ltr'>Colorem</span> <span class='ocrx_word' id='word_1_327' title='bbox 2566 2763 2690 2808; x_wconf 92' lang='lat' dir='ltr'>ergo</span> 
     </span>
     <span class='ocr_line' id='line_1_37' title="bbox 487 2811 2692 2870; baseline 0 -15"><span class='ocrx_word' id='word_1_328' title='bbox 487 2814 649 2856; x_wconf 90' lang='lat' dir='ltr'>talem</span> <span class='ocrx_word' id='word_1_329' title='bbox 682 2812 954 2856; x_wconf 87' lang='lat' dir='ltr'>manifeste</span> <span class='ocrx_word' id='word_1_330' title='bbox 985 2824 1154 2867; x_wconf 92' lang='lat' dir='ltr'>nuper</span> <span class='ocrx_word' id='word_1_331' title='bbox 1186 2814 1321 2856; x_wconf 89' lang='lat' dir='ltr'>adeo</span> <span class='ocrx_word' id='word_1_332' title='bbox 1353 2813 1407 2855; x_wconf 91' lang='lat' dir='ltr'>in</span> <span class='ocrx_word' id='word_1_333' title='bbox 1437 2813 1691 2856; x_wconf 90' lang='lat' dir='ltr'>ruborem</span> <span class='ocrx_word' id='word_1_334' title='bbox 1723 2812 2054 2865; x_wconf 88' lang='lat' dir='ltr'>flammeum,</span> <span class='ocrx_word' id='word_1_335' title='bbox 2086 2812 2272 2856; x_wconf 90' lang='lat' dir='ltr'>Martis</span> <span class='ocrx_word' id='word_1_336' title='bbox 2301 2813 2559 2856; x_wconf 86' lang='lat' dir='ltr'>aemulum</span> <span class='ocrx_word' id='word_1_337' title='bbox 2587 2811 2692 2870; x_wconf 88' lang='lat' dir='ltr'>(cui</span> 
     </span>
     <span class='ocr_line' id='line_1_38' title="bbox 487 2871 2692 2929; baseline 0 -15"><span class='ocrx_word' id='word_1_338' title='bbox 487 2883 627 2915; x_wconf 91' lang='lat' dir='ltr'>nunc</span> <span class='ocrx_word' id='word_1_339' title='bbox 649 2884 811 2926; x_wconf 89' lang='lat' dir='ltr'>quam</span> <span class='ocrx_word' id='word_1_340' title='bbox 832 2872 945 2915; x_wconf 94' lang='lat' dir='ltr'>Ioui</span> <span class='ocrx_word' id='word_1_341' title='bbox 967 2873 1121 2928; x_wconf 91' lang='lat' dir='ltr'>longe</span> <span class='ocrx_word' id='word_1_342' title='bbox 1148 2872 1362 2915; x_wconf 82' lang='lat' dir='ltr'>similius</span> <span class='ocrx_word' id='word_1_343' title='bbox 1389 2871 1480 2929; x_wconf 91' lang='lat' dir='ltr'>est)</span> <span class='ocrx_word' id='word_1_344' title='bbox 1505 2875 1714 2915; x_wconf 89' lang='lat' dir='ltr'>mutare</span> <span class='ocrx_word' id='word_1_345' title='bbox 1738 2872 1877 2926; x_wconf 91' lang='lat' dir='ltr'>cepit</span> <span class='ocrx_word' id='word_1_346' title='bbox 1895 2872 2016 2916; x_wconf 92' lang='lat' dir='ltr'>inde</span> <span class='ocrx_word' id='word_1_347' title='bbox 2037 2872 2198 2927; x_wconf 91' lang='lat' dir='ltr'>usque</span> <span class='ocrx_word' id='word_1_348' title='bbox 2219 2884 2251 2915; x_wconf 89' lang='lat' dir='ltr'>a</span> <span class='ocrx_word' id='word_1_349' title='bbox 2272 2872 2356 2915; x_wconf 91' lang='lat' dir='ltr'>die</span> <span class='ocrx_word' id='word_1_350' title='bbox 2380 2871 2447 2915; x_wconf 92' lang='lat'>14.</span> <span class='ocrx_word' id='word_1_351' title='bbox 2470 2871 2692 2915; x_wconf 89' lang='lat' dir='ltr'>Decem-</span> 
     </span>
     <span class='ocr_line' id='line_1_39' title="bbox 488 2931 2690 2987; baseline -0 -13"><span class='ocrx_word' id='word_1_352' title='bbox 488 2931 609 2975; x_wconf 91' lang='lat' dir='ltr'>bris.</span> <span class='ocrx_word' id='word_1_353' title='bbox 633 2931 798 2974; x_wconf 93' lang='lat' dir='ltr'>Nobis</span> <span class='ocrx_word' id='word_1_354' title='bbox 818 2932 986 2974; x_wconf 88' lang='lat' dir='ltr'>uisum</span> <span class='ocrx_word' id='word_1_355' title='bbox 1005 2932 1078 2975; x_wconf 92' lang='lat' dir='ltr'>est</span> <span class='ocrx_word' id='word_1_356' title='bbox 1091 2932 1323 2987; x_wconf 89' lang='lat' dir='ltr'>primum</span> <span class='ocrx_word' id='word_1_357' title='bbox 1338 2932 1422 2975; x_wconf 92' lang='lat' dir='ltr'>die</span> <span class='ocrx_word' id='word_1_358' title='bbox 1441 2931 1509 2974; x_wconf 95' lang='lat'>16.</span> <span class='ocrx_word' id='word_1_359' title='bbox 1528 2932 1861 2975; x_wconf 89' lang='lat' dir='ltr'>Nouembris.</span> <span class='ocrx_word' id='word_1_360' title='bbox 1885 2931 2134 2975; x_wconf 93' lang='lat' dir='ltr'>Nonnulli</span> <span class='ocrx_word' id='word_1_361' title='bbox 2149 2944 2181 2974; x_wconf 93' lang='lat' dir='ltr'>a</span> <span class='ocrx_word' id='word_1_362' title='bbox 2197 2932 2246 2975; x_wconf 90' lang='lat' dir='ltr'>se</span> <span class='ocrx_word' id='word_1_363' title='bbox 2261 2931 2690 2974; x_wconf 88' lang='lat' dir='ltr'>animaduersum</span> 
     </span>
     <span class='ocr_line' id='line_1_40' title="bbox 489 2990 2688 3045; baseline 0.001 -13"><span class='ocrx_word' id='word_1_364' title='bbox 489 2990 529 3032; x_wconf 76' lang='lat'>81</span> <span class='ocrx_word' id='word_1_365' title='bbox 550 2990 888 3034; x_wconf 89' lang='lat' dir='ltr'>obseruatum</span> <span class='ocrx_word' id='word_1_366' title='bbox 910 2992 1138 3034; x_wconf 91' lang='lat' dir='ltr'>scribunt</span> <span class='ocrx_word' id='word_1_367' title='bbox 1153 2990 1363 3034; x_wconf 77' lang='lat' dir='ltr'>oc‘tiduo</span> <span class='ocrx_word' id='word_1_368' title='bbox 1380 2994 1517 3042; x_wconf 90' lang='lat' dir='ltr'>ante,</span> <span class='ocrx_word' id='word_1_369' title='bbox 1540 2991 1643 3034; x_wconf 91' lang='lat' dir='ltr'>hoc</span> <span class='ocrx_word' id='word_1_370' title='bbox 1660 2991 1733 3034; x_wconf 88' lang='lat' dir='ltr'>est</span> <span class='ocrx_word' id='word_1_371' title='bbox 1746 2990 1788 3033; x_wconf 92' lang='lat'>8.</span> <span class='ocrx_word' id='word_1_372' title='bbox 1807 2991 2147 3043; x_wconf 83' lang='lat' dir='ltr'>Nouembris3</span> <span class='ocrx_word' id='word_1_373' title='bbox 2170 2991 2273 3034; x_wconf 90' lang='lat' dir='ltr'>Sed</span> <span class='ocrx_word' id='word_1_374' title='bbox 2292 2991 2483 3034; x_wconf 90' lang='lat' dir='ltr'>eadem</span> <span class='ocrx_word' id='word_1_375' title='bbox 2504 2990 2688 3045; x_wconf 88' lang='lat' dir='ltr'>specie,</span> 
     </span>
     <span class='ocr_line' id='line_1_41' title="bbox 489 3049 2691 3104; baseline -0 -11"><span class='ocrx_word' id='word_1_376' title='bbox 489 3050 782 3104; x_wconf 87' lang='lat' dir='ltr'>eademque</span> <span class='ocrx_word' id='word_1_377' title='bbox 806 3051 875 3093; x_wconf 90' lang='lat' dir='ltr'>ad</span> <span class='ocrx_word' id='word_1_378' title='bbox 898 3050 1199 3103; x_wconf 88' lang='lat' dir='ltr'>secundam,</span> <span class='ocrx_word' id='word_1_379' title='bbox 1228 3054 1491 3104; x_wconf 90' lang='lat' dir='ltr'>quartam,</span> <span class='ocrx_word' id='word_1_380' title='bbox 1521 3051 1562 3093; x_wconf 76' lang='lat'>81</span> <span class='ocrx_word' id='word_1_381' title='bbox 1588 3050 1964 3093; x_wconf 90' lang='lat' dir='ltr'>duodecimam</span> <span class='ocrx_word' id='word_1_382' title='bbox 1993 3050 2210 3094; x_wconf 89' lang='lat' dir='ltr'>Stellam</span> <span class='ocrx_word' id='word_1_383' title='bbox 2238 3050 2521 3104; x_wconf 85' lang='lat' dir='ltr'>Cassiopeae</span> <span class='ocrx_word' id='word_1_384' title='bbox 2547 3049 2691 3092; x_wconf 89' lang='lat' dir='ltr'>habi-</span> 
     </span>
     <span class='ocr_line' id='line_1_42' title="bbox 487 3106 2692 3168; baseline 0 -17"><span class='ocrx_word' id='word_1_385' title='bbox 487 3109 682 3160; x_wconf 89' lang='lat' dir='ltr'>tudine,</span> <span class='ocrx_word' id='word_1_386' title='bbox 705 3110 893 3163; x_wconf 89' lang='lat' dir='ltr'>quibus</span> <span class='ocrx_word' id='word_1_387' title='bbox 908 3121 1031 3153; x_wconf 89' lang='lat' dir='ltr'>cum</span> <span class='ocrx_word' id='word_1_388' title='bbox 1052 3111 1218 3162; x_wconf 85' lang='grc' dir='ltr'>σχῆμα</span> <span class='ocrx_word' id='word_1_389' title='bbox 1238 3106 1539 3163; x_wconf 79' lang='grc' dir='ltr'>ῥομβοειδὲς</span> <span class='ocrx_word' id='word_1_390' title='bbox 1559 3110 1823 3154; x_wconf 86' lang='lat' dir='ltr'>efformat.</span> <span class='ocrx_word' id='word_1_391' title='bbox 1847 3109 2069 3165; x_wconf 90' lang='lat' dir='ltr'>Organis</span> <span class='ocrx_word' id='word_1_392' title='bbox 2082 3109 2461 3154; x_wconf 89' lang='lat' dir='ltr'>Astronomicis</span> <span class='ocrx_word' id='word_1_393' title='bbox 2475 3106 2496 3168; x_wconf 86' lang='grc' dir='ltr'>ΙΙ</span> <span class='ocrx_word' id='word_1_394' title='bbox 2511 3109 2692 3164; x_wconf 90' lang='lat' dir='ltr'>depre-</span> 
     </span>
     <span class='ocr_line' id='line_1_43' title="bbox 487 3167 2691 3224; baseline 0 -15"><span class='ocrx_word' id='word_1_395' title='bbox 487 3167 768 3211; x_wconf 86' lang='lat' dir='ltr'>hendimus</span> <span class='ocrx_word' id='word_1_396' title='bbox 790 3169 958 3212; x_wconf 87' lang='lat' dir='ltr'>abesse</span> <span class='ocrx_word' id='word_1_397' title='bbox 980 3181 1012 3211; x_wconf 91' lang='lat' dir='ltr'>a</span> <span class='ocrx_word' id='word_1_398' title='bbox 1030 3169 1245 3221; x_wconf 90' lang='lat' dir='ltr'>uertice,</span> <span class='ocrx_word' id='word_1_399' title='bbox 1272 3170 1362 3212; x_wconf 92' lang='lat' dir='ltr'>ubi</span> <span class='ocrx_word' id='word_1_400' title='bbox 1385 3170 1627 3224; x_wconf 86' lang='lat' dir='ltr'>proxime</span> <span class='ocrx_word' id='word_1_401' title='bbox 1650 3169 1857 3212; x_wconf 87' lang='lat' dir='ltr'>accessit</span> <span class='ocrx_word' id='word_1_402' title='bbox 1881 3169 1948 3212; x_wconf 91' lang='lat'>10.</span> <span class='ocrx_word' id='word_1_403' title='bbox 1971 3172 2104 3223; x_wconf 89' lang='lat' dir='ltr'>part.</span> <span class='ocrx_word' id='word_1_404' title='bbox 2126 3169 2170 3212; x_wconf 90' lang='lat'>4.</span> <span class='ocrx_word' id='word_1_405' title='bbox 2194 3169 2359 3223; x_wconf 90' lang='lat' dir='ltr'>scrup.</span> <span class='ocrx_word' id='word_1_406' title='bbox 2381 3168 2472 3211; x_wconf 91' lang='lat' dir='ltr'>ubi</span> <span class='ocrx_word' id='word_1_407' title='bbox 2491 3167 2691 3211; x_wconf 85' lang='lat' dir='ltr'>recessit</span> 
     </span>
     <span class='ocr_line' id='line_1_44' title="bbox 488 3226 2689 3283; baseline 0 -14"><span class='ocrx_word' id='word_1_408' title='bbox 488 3227 722 3270; x_wconf 86' lang='lat' dir='ltr'>maxime</span> <span class='ocrx_word' id='word_1_409' title='bbox 750 3228 790 3269; x_wconf 75' lang='lat'>81</span> <span class='ocrx_word' id='word_1_410' title='bbox 818 3228 886 3270; x_wconf 89' lang='lat' dir='ltr'>ad</span> <span class='ocrx_word' id='word_1_411' title='bbox 911 3228 1260 3272; x_wconf 88' lang='lat' dir='ltr'>Horizontem</span> <span class='ocrx_word' id='word_1_412' title='bbox 1288 3229 1337 3271; x_wconf 92' lang='lat' dir='ltr'>se</span> <span class='ocrx_word' id='word_1_413' title='bbox 1364 3229 1582 3280; x_wconf 83' lang='lat' dir='ltr'>demisit,</span> <span class='ocrx_word' id='word_1_414' title='bbox 1610 3228 1662 3270; x_wconf 92' lang='lat' dir='ltr'>in</span> <span class='ocrx_word' id='word_1_415' title='bbox 1687 3228 1796 3283; x_wconf 89' lang='lat' dir='ltr'>ipso</span> <span class='ocrx_word' id='word_1_416' title='bbox 1825 3228 2119 3272; x_wconf 90' lang='lat' dir='ltr'>Meridiano</span> <span class='ocrx_word' id='word_1_417' title='bbox 2146 3228 2218 3272; x_wconf 92' lang='lat'>66.</span> <span class='ocrx_word' id='word_1_418' title='bbox 2240 3229 2289 3271; x_wconf 90' lang='grc' dir='ltr'>Ρ.</span> <span class='ocrx_word' id='word_1_419' title='bbox 2317 3228 2390 3270; x_wconf 92' lang='grc'>27.</span> <span class='ocrx_word' id='word_1_420' title='bbox 2413 3228 2580 3282; x_wconf 87' lang='lat' dir='ltr'>scrup.</span> <span class='ocrx_word' id='word_1_421' title='bbox 2608 3226 2689 3270; x_wconf 88' lang='lat' dir='ltr'>Ab</span> 
     </span>
     <span class='ocr_line' id='line_1_45' title="bbox 490 3285 2691 3342; baseline 0 -14"><span class='ocrx_word' id='word_1_422' title='bbox 490 3285 780 3329; x_wconf 89' lang='lat' dir='ltr'>Horizonte</span> <span class='ocrx_word' id='word_1_423' title='bbox 799 3298 929 3330; x_wconf 93' lang='lat' dir='ltr'>uero</span> <span class='ocrx_word' id='word_1_424' title='bbox 946 3287 1123 3331; x_wconf 89' lang='lat' dir='ltr'>nostro</span> <span class='ocrx_word' id='word_1_425' title='bbox 1137 3287 1191 3330; x_wconf 93' lang='lat' dir='ltr'>in</span> <span class='ocrx_word' id='word_1_426' title='bbox 1205 3288 1377 3342; x_wconf 89' lang='lat' dir='ltr'>primo</span> <span class='ocrx_word' id='word_1_427' title='bbox 1393 3289 1488 3331; x_wconf 82' lang='lat' dir='ltr'>litu</span> <span class='ocrx_word' id='word_1_428' title='bbox 1502 3287 1573 3331; x_wconf 90' lang='lat'>79.</span> <span class='ocrx_word' id='word_1_429' title='bbox 1590 3289 1639 3331; x_wconf 89' lang='lat' dir='ltr'>P.</span> <span class='ocrx_word' id='word_1_430' title='bbox 1655 3288 1728 3331; x_wconf 87' lang='lat'>56.</span> <span class='ocrx_word' id='word_1_431' title='bbox 1747 3288 1913 3342; x_wconf 89' lang='lat' dir='ltr'>scrup.</span> <span class='ocrx_word' id='word_1_432' title='bbox 1936 3287 1996 3330; x_wconf 92' lang='lat' dir='ltr'>In</span> <span class='ocrx_word' id='word_1_433' title='bbox 2010 3289 2178 3331; x_wconf 91' lang='lat' dir='ltr'>altero</span> <span class='ocrx_word' id='word_1_434' title='bbox 2192 3287 2265 3331; x_wconf 89' lang='lat'>23.</span> <span class='ocrx_word' id='word_1_435' title='bbox 2281 3289 2329 3330; x_wconf 93' lang='lat' dir='ltr'>P.</span> <span class='ocrx_word' id='word_1_436' title='bbox 2345 3286 2418 3330; x_wconf 88' lang='grc'>33.</span> <span class='ocrx_word' id='word_1_437' title='bbox 2436 3287 2602 3341; x_wconf 90' lang='lat' dir='ltr'>scrup.</span> <span class='ocrx_word' id='word_1_438' title='bbox 2620 3285 2691 3329; x_wconf 94' lang='lat' dir='ltr'>di-</span> 
     </span>
     <span class='ocr_line' id='line_1_46' title="bbox 489 3344 2687 3402; baseline 0 -15"><span class='ocrx_word' id='word_1_439' title='bbox 489 3344 622 3388; x_wconf 91' lang='lat' dir='ltr'>stitit.</span> <span class='ocrx_word' id='word_1_440' title='bbox 640 3346 816 3388; x_wconf 92' lang='lat' dir='ltr'>Locus</span> <span class='ocrx_word' id='word_1_441' title='bbox 830 3346 941 3389; x_wconf 91' lang='lat' dir='ltr'>eius</span> <span class='ocrx_word' id='word_1_442' title='bbox 955 3347 1092 3390; x_wconf 86' lang='lat' dir='ltr'>uisus</span> <span class='ocrx_word' id='word_1_443' title='bbox 1107 3358 1231 3391; x_wconf 91' lang='lat' dir='ltr'>cum</span> <span class='ocrx_word' id='word_1_444' title='bbox 1245 3347 1430 3391; x_wconf 89' lang='lat' dir='ltr'>uertici</span> <span class='ocrx_word' id='word_1_445' title='bbox 1445 3347 1750 3402; x_wconf 90' lang='lat' dir='ltr'>proximum</span> <span class='ocrx_word' id='word_1_446' title='bbox 1764 3347 1852 3399; x_wconf 90' lang='lat' dir='ltr'>est,</span> <span class='ocrx_word' id='word_1_447' title='bbox 1867 3346 2050 3390; x_wconf 91' lang='lat' dir='ltr'>incidit</span> <span class='ocrx_word' id='word_1_448' title='bbox 2062 3348 2114 3390; x_wconf 91' lang='lat' dir='ltr'>in</span> <span class='ocrx_word' id='word_1_449' title='bbox 2127 3347 2170 3390; x_wconf 87' lang='lat'>6.</span> <span class='ocrx_word' id='word_1_450' title='bbox 2182 3347 2341 3390; x_wconf 88' lang='lat' dir='ltr'>Grad.</span> <span class='ocrx_word' id='word_1_451' title='bbox 2354 3346 2427 3388; x_wconf 88' lang='grc'>25.</span> <span class='ocrx_word' id='word_1_452' title='bbox 2443 3345 2687 3402; x_wconf 44' lang='grc' dir='ltr'>Γοωρὴς,</span> 
     </span>
    </p>
   </div>
   <div class='ocr_carea' id='block_1_5' title="bbox 2553 3446 2689 3482">
    <p class='ocr_par' dir='ltr' id='par_1_6' title="bbox 2553 3446 2689 3482">
     <span class='ocr_line' id='line_1_47' title="bbox 2553 3446 2689 3482; baseline 0 0"><span class='ocrx_word' id='word_1_453' title='bbox 2553 3446 2689 3482; x_wconf 83' lang='lat' dir='ltr'>cum</span> 
     </span>
    </p>
   </div>
   <div class='ocr_carea' id='block_1_6' title="bbox 2746 1098 2788 1133">
    <p class='ocr_par' dir='ltr' id='par_1_7' title="bbox 2746 1098 2788 1133">
     <span class='ocr_line' id='line_1_48' title="bbox 2746 1098 2788 1133; baseline 0 0"><span class='ocrx_word' id='word_1_454' title='bbox 2746 1098 2788 1133; x_wconf 92' lang='lat'>10</span> 
     </span>
    </p>
   </div>
   <div class='ocr_carea' id='block_1_7' title="bbox 2746 1549 2788 1584">
    <p class='ocr_par' dir='ltr' id='par_1_8' title="bbox 2746 1549 2788 1584">
     <span class='ocr_line' id='line_1_49' title="bbox 2746 1549 2788 1584; baseline 0.024 -1"><span class='ocrx_word' id='word_1_455' title='bbox 2746 1549 2788 1584; x_wconf 86' lang='lat'>15</span> 
     </span>
    </p>
   </div>
   <div class='ocr_carea' id='block_1_8' title="bbox 2742 2167 2789 2202">
    <p class='ocr_par' dir='ltr' id='par_1_9' title="bbox 2742 2167 2789 2202">
     <span class='ocr_line' id='line_1_50' title="bbox 2742 2167 2789 2202; baseline 0.021 -1"><span class='ocrx_word' id='word_1_456' title='bbox 2742 2167 2789 2202; x_wconf 89' lang='grc'>25</span> 
     </span>
    </p>
   </div>
   <div class='ocr_carea' id='block_1_9' title="bbox 2740 2463 2788 2498">
    <p class='ocr_par' dir='ltr' id='par_1_10' title="bbox 2740 2463 2788 2498">
     <span class='ocr_line' id='line_1_51' title="bbox 2740 2463 2788 2498; baseline 0 0"><span class='ocrx_word' id='word_1_457' title='bbox 2740 2463 2788 2498; x_wconf 88' lang='grc'>30</span> 
     </span>
    </p>
   </div>
   <div class='ocr_carea' id='block_1_10' title="bbox 2740 2760 2786 2796">
    <p class='ocr_par' dir='ltr' id='par_1_11' title="bbox 2740 2760 2786 2796">
     <span class='ocr_line' id='line_1_52' title="bbox 2740 2760 2786 2796; baseline 0 0"><span class='ocrx_word' id='word_1_458' title='bbox 2740 2760 2786 2796; x_wconf 89' lang='grc'>35</span> 
     </span>
    </p>
   </div>
   <div class='ocr_carea' id='block_1_11' title="bbox 2738 3354 2784 3388">
    <p class='ocr_par' dir='ltr' id='par_1_12' title="bbox 2738 3354 2784 3388">
     <span class='ocr_line' id='line_1_53' title="bbox 2738 3354 2784 3388; baseline 0 0"><span class='ocrx_word' id='word_1_459' title='bbox 2738 3354 2784 3388; x_wconf 79' lang='lat'>45</span> 
     </span>
    </p>
   </div>
  </div>
 </body>
</html>
