<?xml version="1.0" encoding="UTF-8"?>
<!DOCTYPE html PUBLIC "-//W3C//DTD XHTML 1.0 Transitional//EN"
    "http://www.w3.org/TR/xhtml1/DTD/xhtml1-transitional.dtd">
<html xmlns="http://www.w3.org/1999/xhtml" xml:lang="en" lang="en">
 <head>
  <title>
</title>
<meta http-equiv="Content-Type" content="text/html;charset=utf-8" />
  <meta name='ocr-system' content='tesseract 3.04.00' />
  <meta name='ocr-capabilities' content='ocr_page ocr_carea ocr_par ocr_line ocrx_word'/>
</head>
<body>
  <div class='ocr_page' id='page_1' title='image "./operaomniaedidit03brahuoft/operaomniaedidit03brahuoft_0047.png"; bbox 0 0 2976 4264; ppageno 0'>
   <div class='ocr_carea' id='block_1_1' title="bbox 264 1128 305 1162">
    <p class='ocr_par' dir='ltr' id='par_1_1' title="bbox 264 1128 305 1162">
     <span class='ocr_line' id='line_1_1' title="bbox 264 1128 305 1162; baseline 0 0"><span class='ocrx_word' id='word_1_1' title='bbox 264 1128 305 1162; x_wconf 93' lang='grc'>10</span> 
     </span>
    </p>
   </div>
   <div class='ocr_carea' id='block_1_2' title="bbox 262 1483 304 1517">
    <p class='ocr_par' dir='ltr' id='par_1_2' title="bbox 262 1483 304 1517">
     <span class='ocr_line' id='line_1_2' title="bbox 262 1483 304 1517; baseline 0 0"><span class='ocrx_word' id='word_1_2' title='bbox 262 1483 304 1517; x_wconf 88' lang='lat'>15</span> 
     </span>
    </p>
   </div>
   <div class='ocr_carea' id='block_1_3' title="bbox 232 1759 314 1801">
    <p class='ocr_par' dir='ltr' id='par_1_3' title="bbox 232 1759 314 1801">
     <span class='ocr_line' id='line_1_3' title="bbox 232 1759 314 1801; baseline 0 0"><span class='ocrx_word' id='word_1_3' title='bbox 232 1759 314 1801; x_wconf 88' lang='lat'>521</span> 
     </span>
    </p>
   </div>
   <div class='ocr_carea' id='block_1_4' title="bbox 255 1838 302 1872">
    <p class='ocr_par' dir='ltr' id='par_1_4' title="bbox 255 1838 302 1872">
     <span class='ocr_line' id='line_1_4' title="bbox 255 1838 302 1872; baseline 0.021 -1"><span class='ocrx_word' id='word_1_4' title='bbox 255 1838 302 1872; x_wconf 90' lang='grc'>20</span> 
     </span>
    </p>
   </div>
   <div class='ocr_carea' id='block_1_5' title="bbox 255 2193 301 2227">
    <p class='ocr_par' dir='ltr' id='par_1_5' title="bbox 255 2193 301 2227">
     <span class='ocr_line' id='line_1_5' title="bbox 255 2193 301 2227; baseline 0 0"><span class='ocrx_word' id='word_1_5' title='bbox 255 2193 301 2227; x_wconf 88' lang='grc'>25</span> 
     </span>
    </p>
   </div>
   <div class='ocr_carea' id='block_1_6' title="bbox 254 2547 300 2582">
    <p class='ocr_par' dir='ltr' id='par_1_6' title="bbox 254 2547 300 2582">
     <span class='ocr_line' id='line_1_6' title="bbox 254 2547 300 2582; baseline -0.022 0"><span class='ocrx_word' id='word_1_6' title='bbox 254 2547 300 2582; x_wconf 92' lang='grc'>30</span> 
     </span>
    </p>
   </div>
   <div class='ocr_carea' id='block_1_7' title="bbox 252 2901 298 2936">
    <p class='ocr_par' dir='ltr' id='par_1_7' title="bbox 252 2901 298 2936">
     <span class='ocr_line' id='line_1_7' title="bbox 252 2901 298 2936; baseline 0 0"><span class='ocrx_word' id='word_1_7' title='bbox 252 2901 298 2936; x_wconf 88' lang='grc'>35</span> 
     </span>
    </p>
   </div>
   <div class='ocr_carea' id='block_1_8' title="bbox 252 3255 298 3290">
    <p class='ocr_par' dir='ltr' id='par_1_8' title="bbox 252 3255 298 3290">
     <span class='ocr_line' id='line_1_8' title="bbox 252 3255 298 3290; baseline 0 0"><span class='ocrx_word' id='word_1_8' title='bbox 252 3255 298 3290; x_wconf 78' lang='lat'>40</span> 
     </span>
    </p>
   </div>
   <div class='ocr_carea' id='block_1_9' title="bbox 733 333 2562 391">
    <p class='ocr_par' dir='ltr' id='par_1_9' title="bbox 733 333 2562 391">
     <span class='ocr_line' id='line_1_9' title="bbox 733 333 2562 391; baseline 0.003 -6"><span class='ocrx_word' id='word_1_9' title='bbox 733 333 1612 387; x_wconf 86' lang='lat' dir='ltr'>PROGYMNASMATUM</span> <span class='ocrx_word' id='word_1_10' title='bbox 1639 334 1954 387; x_wconf 86' lang='lat' dir='ltr'>TERTIA</span> <span class='ocrx_word' id='word_1_11' title='bbox 1981 336 2183 389; x_wconf 86' lang='lat' dir='ltr'>PARS</span> <span class='ocrx_word' id='word_1_12' title='bbox 2494 338 2562 391; x_wconf 89' lang='lat'>35</span> 
     </span>
    </p>
   </div>
   <div class='ocr_carea' id='block_1_10' title="bbox 346 473 2562 3303">
    <p class='ocr_par' dir='ltr' id='par_1_10' title="bbox 353 473 2562 1318">
     <span class='ocr_line' id='line_1_10' title="bbox 358 473 2561 542; baseline 0.002 -17"><span class='ocrx_word' id='word_1_13' title='bbox 358 473 646 526; x_wconf 89' lang='lat' dir='ltr'>ANGLO</span> <span class='ocrx_word' id='word_1_14' title='bbox 668 481 844 538; x_wconf 91' lang='lat' dir='ltr'>atque</span> <span class='ocrx_word' id='word_1_15' title='bbox 864 475 1051 527; x_wconf 90' lang='lat' dir='ltr'>Paulo</span> <span class='ocrx_word' id='word_1_16' title='bbox 1067 476 1390 537; x_wconf 87' lang='lat' dir='ltr'>Wittichio,</span> <span class='ocrx_word' id='word_1_17' title='bbox 1411 479 1656 528; x_wconf 90' lang='lat' dir='ltr'>inuenta</span> <span class='ocrx_word' id='word_1_18' title='bbox 1676 477 2067 542; x_wconf 91' lang='lat' dir='ltr'>expolitaque,</span> <span class='ocrx_word' id='word_1_19' title='bbox 2089 478 2413 530; x_wconf 86' lang='lat' dir='ltr'>admodum</span> <span class='ocrx_word' id='word_1_20' title='bbox 2434 494 2561 530; x_wconf 93' lang='lat' dir='ltr'>eru-</span> 
     </span>
     <span class='ocr_line' id='line_1_11' title="bbox 359 545 2561 614; baseline 0.002 -18"><span class='ocrx_word' id='word_1_21' title='bbox 359 545 473 596; x_wconf 91' lang='lat' dir='ltr'>dite</span> <span class='ocrx_word' id='word_1_22' title='bbox 501 545 553 596; x_wconf 86' lang='lat'>&amp;</span> <span class='ocrx_word' id='word_1_23' title='bbox 578 545 814 597; x_wconf 82' lang='lat' dir='ltr'>solerter</span> <span class='ocrx_word' id='word_1_24' title='bbox 838 547 1227 610; x_wconf 92' lang='lat' dir='ltr'>proponendo</span> <span class='ocrx_word' id='word_1_25' title='bbox 1253 547 1550 599; x_wconf 84' lang='lat' dir='ltr'>interserit.</span> <span class='ocrx_word' id='word_1_26' title='bbox 1577 548 1689 600; x_wconf 94' lang='lat' dir='ltr'>Vbi</span> <span class='ocrx_word' id='word_1_27' title='bbox 1716 551 1893 600; x_wconf 90' lang='lat' dir='ltr'>etiam</span> <span class='ocrx_word' id='word_1_28' title='bbox 1918 548 2200 613; x_wconf 88' lang='lat' dir='ltr'>pleraque</span> <span class='ocrx_word' id='word_1_29' title='bbox 2221 565 2258 601; x_wconf 91' lang='lat' dir='ltr'>a</span> <span class='ocrx_word' id='word_1_30' title='bbox 2278 549 2561 614; x_wconf 85' lang='lat' dir='ltr'>Digessaeo</span> 
     </span>
     <span class='ocr_line' id='line_1_12' title="bbox 358 616 2562 685; baseline 0.003 -19"><span class='ocrx_word' id='word_1_31' title='bbox 358 618 534 667; x_wconf 91' lang='lat' dir='ltr'>nimis</span> <span class='ocrx_word' id='word_1_32' title='bbox 560 618 824 668; x_wconf 89' lang='lat' dir='ltr'>intricate</span> <span class='ocrx_word' id='word_1_33' title='bbox 850 616 1095 680; x_wconf 91' lang='lat' dir='ltr'>prolata,</span> <span class='ocrx_word' id='word_1_34' title='bbox 1126 617 1246 669; x_wconf 89' lang='lat' dir='ltr'>alia</span> <span class='ocrx_word' id='word_1_35' title='bbox 1272 618 1324 670; x_wconf 87' lang='lat'>&amp;</span> <span class='ocrx_word' id='word_1_36' title='bbox 1349 618 1616 683; x_wconf 85' lang='lat' dir='ltr'>planiore</span> <span class='ocrx_word' id='word_1_37' title='bbox 1643 618 1835 671; x_wconf 91' lang='lat' dir='ltr'>forma</span> <span class='ocrx_word' id='word_1_38' title='bbox 1861 619 2107 683; x_wconf 91' lang='lat' dir='ltr'>expedit.</span> <span class='ocrx_word' id='word_1_39' title='bbox 2139 619 2232 671; x_wconf 91' lang='lat' dir='ltr'>De</span> <span class='ocrx_word' id='word_1_40' title='bbox 2261 622 2332 685; x_wconf 85' lang='lat' dir='ltr'>ijs</span> <span class='ocrx_word' id='word_1_41' title='bbox 2361 626 2562 672; x_wconf 91' lang='lat' dir='ltr'>autem</span> 
     </span>
     <span class='ocr_line' id='line_1_13' title="bbox 359 686 2560 751; baseline 0.003 -14"><span class='ocrx_word' id='word_1_42' title='bbox 359 701 495 750; x_wconf 85' lang='lat' dir='ltr'>quae</span> <span class='ocrx_word' id='word_1_43' title='bbox 515 686 608 738; x_wconf 91' lang='lat' dir='ltr'>his</span> <span class='ocrx_word' id='word_1_44' title='bbox 630 686 936 751; x_wconf 91' lang='lat' dir='ltr'>Capitibus</span> <span class='ocrx_word' id='word_1_45' title='bbox 957 690 1110 740; x_wconf 90' lang='lat' dir='ltr'>circa</span> <span class='ocrx_word' id='word_1_46' title='bbox 1129 688 1530 741; x_wconf 90' lang='lat' dir='ltr'>Parallaxium</span> <span class='ocrx_word' id='word_1_47' title='bbox 1551 689 2022 742; x_wconf 90' lang='lat' dir='ltr'>enucleationem</span> <span class='ocrx_word' id='word_1_48' title='bbox 2042 691 2367 742; x_wconf 89' lang='lat' dir='ltr'>admodum</span> <span class='ocrx_word' id='word_1_49' title='bbox 2392 691 2560 743; x_wconf 93' lang='lat' dir='ltr'>indu-</span> 
     </span>
     <span class='ocr_line' id='line_1_14' title="bbox 357 756 2560 826; baseline 0.002 -18"><span class='ocrx_word' id='word_1_50' title='bbox 357 756 484 808; x_wconf 86' lang='lat' dir='ltr'>strie</span> <span class='ocrx_word' id='word_1_51' title='bbox 504 764 682 821; x_wconf 92' lang='lat' dir='ltr'>atque</span> <span class='ocrx_word' id='word_1_52' title='bbox 703 761 991 810; x_wconf 88' lang='lat' dir='ltr'>concinne</span> <span class='ocrx_word' id='word_1_53' title='bbox 1011 761 1075 810; x_wconf 93' lang='lat' dir='ltr'>in</span> <span class='ocrx_word' id='word_1_54' title='bbox 1093 760 1358 811; x_wconf 91' lang='lat' dir='ltr'>medium</span> <span class='ocrx_word' id='word_1_55' title='bbox 1378 760 1620 812; x_wconf 90' lang='lat' dir='ltr'>adduxit</span> <span class='ocrx_word' id='word_1_56' title='bbox 1639 759 1995 822; x_wconf 84' lang='lat' dir='ltr'>ThaddaeuS‚</span> <span class='ocrx_word' id='word_1_57' title='bbox 2016 761 2158 812; x_wconf 94' lang='lat' dir='ltr'>nolo</span> <span class='ocrx_word' id='word_1_58' title='bbox 2178 761 2276 813; x_wconf 81' lang='lat' dir='ltr'>hic</span> <span class='ocrx_word' id='word_1_59' title='bbox 2295 762 2560 826; x_wconf 93' lang='lat' dir='ltr'>pluribus</span> 
     </span>
     <span class='ocr_line' id='line_1_15' title="bbox 356 829 2560 896; baseline 0.002 -17"><span class='ocrx_word' id='word_1_60' title='bbox 356 843 545 893; x_wconf 90' lang='lat' dir='ltr'>agere,</span> <span class='ocrx_word' id='word_1_61' title='bbox 567 844 704 880; x_wconf 94' lang='lat' dir='ltr'>cum</span> <span class='ocrx_word' id='word_1_62' title='bbox 718 829 892 880; x_wconf 84' lang='lat' dir='ltr'>nostri</span> <span class='ocrx_word' id='word_1_63' title='bbox 906 845 1031 881; x_wconf 94' lang='lat' dir='ltr'>non</span> <span class='ocrx_word' id='word_1_64' title='bbox 1044 829 1107 881; x_wconf 88' lang='lat' dir='ltr'>fit</span> <span class='ocrx_word' id='word_1_65' title='bbox 1121 830 1372 890; x_wconf 88' lang='lat' dir='ltr'>instituti,</span> <span class='ocrx_word' id='word_1_66' title='bbox 1394 831 1731 883; x_wconf 91' lang='lat' dir='ltr'>Parallaxes</span> <span class='ocrx_word' id='word_1_67' title='bbox 1744 834 1807 882; x_wconf 95' lang='lat' dir='ltr'>in</span> <span class='ocrx_word' id='word_1_68' title='bbox 1821 847 2032 896; x_wconf 88' lang='lat' dir='ltr'>genere</span> <span class='ocrx_word' id='word_1_69' title='bbox 2045 830 2308 893; x_wconf 72' lang='lat' dir='ltr'>tractare,</span> <span class='ocrx_word' id='word_1_70' title='bbox 2331 848 2560 885; x_wconf 92' lang='lat' dir='ltr'>earum-</span> 
     </span>
     <span class='ocr_line' id='line_1_16' title="bbox 356 899 2560 969; baseline 0.002 -19"><span class='ocrx_word' id='word_1_71' title='bbox 356 914 471 963; x_wconf 92' lang='lat' dir='ltr'>que</span> <span class='ocrx_word' id='word_1_72' title='bbox 485 899 1031 964; x_wconf 84' lang='lat' dir='ltr'>peruestigationem</span> <span class='ocrx_word' id='word_1_73' title='bbox 1046 907 1333 962; x_wconf 88' lang='lat' dir='ltr'>excutere,</span> <span class='ocrx_word' id='word_1_74' title='bbox 1355 901 1460 952; x_wconf 88' lang='lat' dir='ltr'>nifi</span> <span class='ocrx_word' id='word_1_75' title='bbox 1474 908 1766 966; x_wconf 89' lang='lat' dir='ltr'>quatenus</span> <span class='ocrx_word' id='word_1_76' title='bbox 1780 903 1855 954; x_wconf 91' lang='lat' dir='ltr'>ad</span> <span class='ocrx_word' id='word_1_77' title='bbox 1869 901 2048 954; x_wconf 93' lang='lat' dir='ltr'>huius</span> <span class='ocrx_word' id='word_1_78' title='bbox 2065 903 2159 966; x_wconf 91' lang='lat' dir='ltr'>(de</span> <span class='ocrx_word' id='word_1_79' title='bbox 2175 919 2294 967; x_wconf 93' lang='lat' dir='ltr'>quo</span> <span class='ocrx_word' id='word_1_80' title='bbox 2308 904 2560 969; x_wconf 89' lang='lat' dir='ltr'>agimus)</span> 
     </span>
     <span class='ocr_line' id='line_1_17' title="bbox 355 969 2561 1032; baseline 0.003 -12"><span class='ocrx_word' id='word_1_81' title='bbox 355 969 744 1022; x_wconf 86' lang='lat' dir='ltr'>Phaenomeni</span> <span class='ocrx_word' id='word_1_82' title='bbox 776 970 1315 1032; x_wconf 85' lang='lat' dir='ltr'>considerationem,</span> <span class='ocrx_word' id='word_1_83' title='bbox 1348 974 1657 1024; x_wconf 87' lang='lat' dir='ltr'>necessario</span> <span class='ocrx_word' id='word_1_84' title='bbox 1690 972 2043 1025; x_wconf 75' lang='lat' dir='ltr'>adhibendae</span> <span class='ocrx_word' id='word_1_85' title='bbox 2074 977 2331 1026; x_wconf 89' lang='lat' dir='ltr'>veniant.</span> <span class='ocrx_word' id='word_1_86' title='bbox 2365 974 2561 1026; x_wconf 83' lang='lat' dir='ltr'>Nimis</span> 
     </span>
     <span class='ocr_line' id='line_1_18' title="bbox 356 1040 2560 1108; baseline 0.003 -17"><span class='ocrx_word' id='word_1_87' title='bbox 356 1043 516 1091; x_wconf 93' lang='lat' dir='ltr'>enim</span> <span class='ocrx_word' id='word_1_88' title='bbox 541 1040 839 1105; x_wconf 90' lang='lat' dir='ltr'>prolixum</span> <span class='ocrx_word' id='word_1_89' title='bbox 865 1047 1042 1106; x_wconf 90' lang='lat' dir='ltr'>atque</span> <span class='ocrx_word' id='word_1_90' title='bbox 1069 1042 1143 1094; x_wconf 89' lang='lat' dir='ltr'>ab</span> <span class='ocrx_word' id='word_1_91' title='bbox 1169 1043 1423 1095; x_wconf 84' lang='lat' dir='ltr'>instituto</span> <span class='ocrx_word' id='word_1_92' title='bbox 1449 1043 1640 1095; x_wconf 86' lang='lat' dir='ltr'>nostro</span> <span class='ocrx_word' id='word_1_93' title='bbox 1666 1044 1916 1108; x_wconf 92' lang='lat' dir='ltr'>idipsum</span> <span class='ocrx_word' id='word_1_94' title='bbox 1936 1044 2187 1096; x_wconf 90' lang='lat' dir='ltr'>alienius</span> <span class='ocrx_word' id='word_1_95' title='bbox 2207 1044 2371 1097; x_wconf 90' lang='lat' dir='ltr'>foret.</span> <span class='ocrx_word' id='word_1_96' title='bbox 2399 1046 2560 1097; x_wconf 90' lang='lat' dir='ltr'>Nam</span> 
     </span>
     <span class='ocr_line' id='line_1_19' title="bbox 356 1111 2558 1179; baseline 0.002 -17"><span class='ocrx_word' id='word_1_97' title='bbox 356 1111 408 1163; x_wconf 82' lang='lat'>&amp;</span> <span class='ocrx_word' id='word_1_98' title='bbox 428 1127 564 1175; x_wconf 85' lang='lat' dir='ltr'>quae</span> <span class='ocrx_word' id='word_1_99' title='bbox 584 1111 929 1164; x_wconf 89' lang='lat' dir='ltr'>secundario</span> <span class='ocrx_word' id='word_1_100' title='bbox 950 1128 987 1164; x_wconf 90' lang='lat' dir='ltr'>a</span> <span class='ocrx_word' id='word_1_101' title='bbox 1006 1112 1311 1165; x_wconf 86' lang='lat' dir='ltr'>Thaddaeo</span> <span class='ocrx_word' id='word_1_102' title='bbox 1331 1116 1394 1165; x_wconf 93' lang='lat' dir='ltr'>in</span> <span class='ocrx_word' id='word_1_103' title='bbox 1414 1114 1819 1166; x_wconf 91' lang='lat' dir='ltr'>Parallaxibus</span> <span class='ocrx_word' id='word_1_104' title='bbox 1841 1115 2216 1179; x_wconf 87' lang='lat' dir='ltr'>exquirendis</span> <span class='ocrx_word' id='word_1_105' title='bbox 2237 1116 2558 1168; x_wconf 92' lang='lat' dir='ltr'>discernen-</span> 
     </span>
     <span class='ocr_line' id='line_1_20' title="bbox 354 1181 2561 1251; baseline 0.003 -18"><span class='ocrx_word' id='word_1_106' title='bbox 354 1181 554 1246; x_wconf 89' lang='lat' dir='ltr'>disque</span> <span class='ocrx_word' id='word_1_107' title='bbox 584 1182 945 1244; x_wconf 88' lang='lat' dir='ltr'>adferuntur,</span> <span class='ocrx_word' id='word_1_108' title='bbox 977 1183 1329 1236; x_wconf 90' lang='lat' dir='ltr'>eiuscemodi</span> <span class='ocrx_word' id='word_1_109' title='bbox 1356 1184 1502 1246; x_wconf 91' lang='lat' dir='ltr'>sunt,</span> <span class='ocrx_word' id='word_1_110' title='bbox 1535 1188 1733 1249; x_wconf 90' lang='lat' dir='ltr'>itaque</span> <span class='ocrx_word' id='word_1_111' title='bbox 1763 1186 1839 1237; x_wconf 90' lang='lat' dir='ltr'>ad</span> <span class='ocrx_word' id='word_1_112' title='bbox 1867 1202 2125 1251; x_wconf 90' lang='lat' dir='ltr'>vnguem</span> <span class='ocrx_word' id='word_1_113' title='bbox 2154 1186 2470 1247; x_wconf 90' lang='lat' dir='ltr'>elaborata,</span> <span class='ocrx_word' id='word_1_114' title='bbox 2500 1194 2561 1239; x_wconf 90' lang='lat' dir='ltr'>vt</span> 
     </span>
     <span class='ocr_line' id='line_1_21' title="bbox 353 1253 1130 1318; baseline 0.003 -14"><span class='ocrx_word' id='word_1_115' title='bbox 353 1268 491 1304; x_wconf 92' lang='lat' dir='ltr'>mea</span> <span class='ocrx_word' id='word_1_116' title='bbox 509 1253 653 1305; x_wconf 91' lang='lat' dir='ltr'>lima</span> <span class='ocrx_word' id='word_1_117' title='bbox 672 1269 797 1304; x_wconf 94' lang='lat' dir='ltr'>non</span> <span class='ocrx_word' id='word_1_118' title='bbox 815 1254 1130 1318; x_wconf 89' lang='lat' dir='ltr'>indigeant.</span> 
     </span>
    </p>

    <p class='ocr_par' dir='ltr' id='par_1_11' title="bbox 349 1323 2559 2227">
     <span class='ocr_line' id='line_1_22' title="bbox 425 1323 2556 1391; baseline 0.002 -16"><span class='ocrx_word' id='word_1_119' title='bbox 425 1323 680 1375; x_wconf 94' lang='lat' dir='ltr'>Vnicum</span> <span class='ocrx_word' id='word_1_120' title='bbox 704 1324 907 1376; x_wconf 90' lang='lat' dir='ltr'>saltem</span> <span class='ocrx_word' id='word_1_121' title='bbox 933 1325 1004 1376; x_wconf 92' lang='lat' dir='ltr'>de</span> <span class='ocrx_word' id='word_1_122' title='bbox 1031 1324 1124 1376; x_wconf 92' lang='lat' dir='ltr'>his</span> <span class='ocrx_word' id='word_1_123' title='bbox 1151 1326 1427 1377; x_wconf 94' lang='lat' dir='ltr'>omnibus</span> <span class='ocrx_word' id='word_1_124' title='bbox 1453 1326 1686 1378; x_wconf 91' lang='lat' dir='ltr'>addam.</span> <span class='ocrx_word' id='word_1_125' title='bbox 1716 1326 2013 1391; x_wconf 91' lang='lat' dir='ltr'>Quicquid</span> <span class='ocrx_word' id='word_1_126' title='bbox 2040 1327 2111 1378; x_wconf 92' lang='lat' dir='ltr'>de</span> <span class='ocrx_word' id='word_1_127' title='bbox 2135 1327 2556 1388; x_wconf 89' lang='lat' dir='ltr'>Parallaxibus,</span> 
     </span>
     <span class='ocr_line' id='line_1_23' title="bbox 354 1396 2557 1462; baseline 0.002 -17"><span class='ocrx_word' id='word_1_128' title='bbox 354 1410 710 1459; x_wconf 91' lang='lat' dir='ltr'>quacunque</span> <span class='ocrx_word' id='word_1_129' title='bbox 740 1398 967 1447; x_wconf 88' lang='lat' dir='ltr'>ratione</span> <span class='ocrx_word' id='word_1_130' title='bbox 996 1396 1410 1461; x_wconf 85' lang='lat' dir='ltr'>inuestigandis</span> <span class='ocrx_word' id='word_1_131' title='bbox 1440 1397 1899 1461; x_wconf 90' lang='lat' dir='ltr'>extricandisque</span> <span class='ocrx_word' id='word_1_132' title='bbox 1927 1398 2222 1462; x_wconf 87' lang='lat' dir='ltr'>ingeniose</span> <span class='ocrx_word' id='word_1_133' title='bbox 2252 1399 2557 1451; x_wconf 90' lang='lat' dir='ltr'>adinueni-</span> 
     </span>
     <span class='ocr_line' id='line_1_24' title="bbox 352 1465 2556 1532; baseline 0.002 -16"><span class='ocrx_word' id='word_1_134' title='bbox 352 1472 463 1526; x_wconf 90' lang='lat' dir='ltr'>tur,</span> <span class='ocrx_word' id='word_1_135' title='bbox 484 1465 525 1516; x_wconf 87' lang='lat' dir='ltr'>fi</span> <span class='ocrx_word' id='word_1_136' title='bbox 539 1465 989 1518; x_wconf 88' lang='lat' dir='ltr'>Phaenomenon</span> <span class='ocrx_word' id='word_1_137' title='bbox 1008 1466 1198 1530; x_wconf 91' lang='lat' dir='ltr'>ipsum</span> <span class='ocrx_word' id='word_1_138' title='bbox 1211 1467 1378 1518; x_wconf 94' lang='lat' dir='ltr'>nullo</span> <span class='ocrx_word' id='word_1_139' title='bbox 1392 1474 1559 1519; x_wconf 94' lang='lat' dir='ltr'>motu</span> <span class='ocrx_word' id='word_1_140' title='bbox 1572 1471 1811 1532; x_wconf 89' lang='lat' dir='ltr'>proprio</span> <span class='ocrx_word' id='word_1_141' title='bbox 1826 1471 1980 1529; x_wconf 93' lang='lat' dir='ltr'>cieri,</span> <span class='ocrx_word' id='word_1_142' title='bbox 2000 1469 2096 1520; x_wconf 91' lang='lat' dir='ltr'>sed</span> <span class='ocrx_word' id='word_1_143' title='bbox 2109 1468 2311 1520; x_wconf 83' lang='lat' dir='ltr'>saltem</span> <span class='ocrx_word' id='word_1_144' title='bbox 2324 1473 2556 1521; x_wconf 90' lang='lat' dir='ltr'>vniuer-</span> 
     </span>
     <span class='ocr_line' id='line_1_25' title="bbox 351 1535 2559 1603; baseline 0.002 -16"><span class='ocrx_word' id='word_1_145' title='bbox 351 1535 455 1588; x_wconf 90' lang='lat' dir='ltr'>sali</span> <span class='ocrx_word' id='word_1_146' title='bbox 475 1536 836 1588; x_wconf 89' lang='lat' dir='ltr'>reuolutioni</span> <span class='ocrx_word' id='word_1_147' title='bbox 856 1537 1184 1589; x_wconf 88' lang='lat' dir='ltr'>obnoxium</span> <span class='ocrx_word' id='word_1_148' title='bbox 1198 1539 1301 1589; x_wconf 88' lang='lat' dir='ltr'>esse</span> <span class='ocrx_word' id='word_1_149' title='bbox 1315 1538 1786 1603; x_wconf 87' lang='lat' dir='ltr'>praesupponitur</span> <span class='ocrx_word' id='word_1_150' title='bbox 1807 1539 2335 1603; x_wconf 88' lang='lat' dir='ltr'>(quemadmodum</span> <span class='ocrx_word' id='word_1_151' title='bbox 2355 1544 2559 1593; x_wconf 94' lang='lat' dir='ltr'>omnia</span> 
     </span>
     <span class='ocr_line' id='line_1_26' title="bbox 351 1607 2556 1675; baseline 0.002 -17"><span class='ocrx_word' id='word_1_152' title='bbox 351 1607 454 1659; x_wconf 91' lang='lat' dir='ltr'>illa</span> <span class='ocrx_word' id='word_1_153' title='bbox 482 1607 870 1669; x_wconf 86' lang='lat' dir='ltr'>Problemata,</span> <span class='ocrx_word' id='word_1_154' title='bbox 901 1624 1037 1672; x_wconf 85' lang='lat' dir='ltr'>quae</span> <span class='ocrx_word' id='word_1_155' title='bbox 1067 1624 1104 1660; x_wconf 90' lang='lat' dir='ltr'>a</span> <span class='ocrx_word' id='word_1_156' title='bbox 1131 1608 1438 1661; x_wconf 86' lang='lat' dir='ltr'>Thaddaeo</span> <span class='ocrx_word' id='word_1_157' title='bbox 1467 1608 1580 1661; x_wconf 89' lang='lat' dir='ltr'>hac</span> <span class='ocrx_word' id='word_1_158' title='bbox 1610 1610 1681 1661; x_wconf 92' lang='lat' dir='ltr'>de</span> <span class='ocrx_word' id='word_1_159' title='bbox 1712 1610 1885 1662; x_wconf 90' lang='lat' dir='ltr'>causa</span> <span class='ocrx_word' id='word_1_160' title='bbox 1910 1610 2304 1674; x_wconf 92' lang='lat' dir='ltr'>adducuntur)</span> <span class='ocrx_word' id='word_1_161' title='bbox 2335 1627 2556 1675; x_wconf 90' lang='lat' dir='ltr'>nequa-</span> 
     </span>
     <span class='ocr_line' id='line_1_27' title="bbox 352 1679 2556 1746; baseline 0.002 -17"><span class='ocrx_word' id='word_1_162' title='bbox 352 1694 535 1742; x_wconf 91' lang='lat' dir='ltr'>quam</span> <span class='ocrx_word' id='word_1_163' title='bbox 549 1681 636 1743; x_wconf 86' lang='lat' dir='ltr'>ijS‚</span> <span class='ocrx_word' id='word_1_164' title='bbox 659 1694 795 1743; x_wconf 86' lang='lat' dir='ltr'>quae</span> <span class='ocrx_word' id='word_1_165' title='bbox 810 1679 1041 1730; x_wconf 92' lang='lat' dir='ltr'>cursum</span> <span class='ocrx_word' id='word_1_166' title='bbox 1054 1682 1381 1744; x_wconf 90' lang='lat' dir='ltr'>genuinum</span> <span class='ocrx_word' id='word_1_167' title='bbox 1400 1679 1635 1741; x_wconf 91' lang='lat' dir='ltr'>habent,</span> <span class='ocrx_word' id='word_1_168' title='bbox 1657 1681 2093 1733; x_wconf 90' lang='lat' dir='ltr'>accommodari</span> <span class='ocrx_word' id='word_1_169' title='bbox 2112 1682 2282 1745; x_wconf 87' lang='lat' dir='ltr'>posse:</span> <span class='ocrx_word' id='word_1_170' title='bbox 2304 1682 2556 1746; x_wconf 91' lang='lat' dir='ltr'>ideoque</span> 
     </span>
     <span class='ocr_line' id='line_1_28' title="bbox 353 1745 2556 1818; baseline 0.002 -18"><span class='ocrx_word' id='word_1_171' title='bbox 353 1752 532 1801; x_wconf 90' lang='lat' dir='ltr'>etiam</span> <span class='ocrx_word' id='word_1_172' title='bbox 556 1752 620 1800; x_wconf 94' lang='lat' dir='ltr'>in</span> <span class='ocrx_word' id='word_1_173' title='bbox 641 1745 1075 1818; x_wconf 74' lang='lat' dir='ltr'>Cometa-nrum</span> <span class='ocrx_word' id='word_1_174' title='bbox 1095 1750 1500 1803; x_wconf 89' lang='lat' dir='ltr'>Parallaxibus</span> <span class='ocrx_word' id='word_1_175' title='bbox 1525 1752 1907 1816; x_wconf 88' lang='lat' dir='ltr'>inquirendis,</span> <span class='ocrx_word' id='word_1_176' title='bbox 1935 1759 2037 1804; x_wconf 92' lang='lat' dir='ltr'>aut</span> <span class='ocrx_word' id='word_1_177' title='bbox 2062 1751 2212 1803; x_wconf 92' lang='lat' dir='ltr'>nihil</span> <span class='ocrx_word' id='word_1_178' title='bbox 2230 1752 2326 1803; x_wconf 89' lang='lat' dir='ltr'>vel</span> <span class='ocrx_word' id='word_1_179' title='bbox 2352 1769 2556 1817; x_wconf 92' lang='lat' dir='ltr'>quam-</span> 
     </span>
     <span class='ocr_line' id='line_1_29' title="bbox 350 1820 2555 1887; baseline 0.002 -16"><span class='ocrx_word' id='word_1_180' title='bbox 350 1823 667 1872; x_wconf 92' lang='lat' dir='ltr'>minimum</span> <span class='ocrx_word' id='word_1_181' title='bbox 687 1820 915 1872; x_wconf 88' lang='lat' dir='ltr'>adferre</span> <span class='ocrx_word' id='word_1_182' title='bbox 935 1820 1180 1886; x_wconf 88' lang='lat' dir='ltr'>subfidij,</span> <span class='ocrx_word' id='word_1_183' title='bbox 1202 1837 1338 1873; x_wconf 94' lang='lat' dir='ltr'>cum</span> <span class='ocrx_word' id='word_1_184' title='bbox 1357 1822 1442 1873; x_wconf 92' lang='lat' dir='ltr'>illi</span> <span class='ocrx_word' id='word_1_185' title='bbox 1462 1823 1734 1874; x_wconf 86' lang='lat' dir='ltr'>rarissime</span> <span class='ocrx_word' id='word_1_186' title='bbox 1754 1829 1921 1874; x_wconf 90' lang='lat' dir='ltr'>motu</span> <span class='ocrx_word' id='word_1_187' title='bbox 1940 1822 2142 1887; x_wconf 90' lang='lat' dir='ltr'>aliquo</span> <span class='ocrx_word' id='word_1_188' title='bbox 2159 1823 2442 1887; x_wconf 89' lang='lat' dir='ltr'>peculiari</span> <span class='ocrx_word' id='word_1_189' title='bbox 2460 1824 2555 1875; x_wconf 94' lang='lat' dir='ltr'>de-</span> 
     </span>
     <span class='ocr_line' id='line_1_30' title="bbox 350 1891 2555 1957; baseline 0.001 -15"><span class='ocrx_word' id='word_1_190' title='bbox 350 1891 672 1952; x_wconf 84' lang='lat' dir='ltr'>stituantur,</span> <span class='ocrx_word' id='word_1_191' title='bbox 689 1891 804 1943; x_wconf 85' lang='lat' dir='ltr'>&amp;is</span> <span class='ocrx_word' id='word_1_192' title='bbox 819 1907 998 1956; x_wconf 93' lang='lat' dir='ltr'>quem</span> <span class='ocrx_word' id='word_1_193' title='bbox 1011 1892 1211 1957; x_wconf 92' lang='lat' dir='ltr'>suapte</span> <span class='ocrx_word' id='word_1_194' title='bbox 1224 1896 1283 1943; x_wconf 91' lang='lat' dir='ltr'>vi</span> <span class='ocrx_word' id='word_1_195' title='bbox 1300 1900 1586 1954; x_wconf 85' lang='lat' dir='ltr'>exercent,</span> <span class='ocrx_word' id='word_1_196' title='bbox 1607 1893 1945 1945; x_wconf 91' lang='lat' dir='ltr'>Parallaxes</span> <span class='ocrx_word' id='word_1_197' title='bbox 1959 1894 2254 1945; x_wconf 92' lang='lat' dir='ltr'>interdum</span> <span class='ocrx_word' id='word_1_198' title='bbox 2269 1893 2555 1956; x_wconf 90' lang='lat' dir='ltr'>exhaurit,</span> 
     </span>
     <span class='ocr_line' id='line_1_31' title="bbox 350 1962 2556 2029; baseline 0.001 -16"><span class='ocrx_word' id='word_1_199' title='bbox 350 1962 647 2014; x_wconf 90' lang='lat' dir='ltr'>interdum</span> <span class='ocrx_word' id='word_1_200' title='bbox 678 1962 946 2027; x_wconf 89' lang='lat' dir='ltr'>adauget,</span> <span class='ocrx_word' id='word_1_201' title='bbox 979 1978 1418 2027; x_wconf 89' lang='lat' dir='ltr'>nonnunquam</span> <span class='ocrx_word' id='word_1_202' title='bbox 1449 1979 1591 2015; x_wconf 90' lang='lat' dir='ltr'>vero</span> <span class='ocrx_word' id='word_1_203' title='bbox 1624 1964 1822 2028; x_wconf 91' lang='lat' dir='ltr'>quoad</span> <span class='ocrx_word' id='word_1_204' title='bbox 1853 1964 1996 2016; x_wconf 90' lang='lat' dir='ltr'>talia</span> <span class='ocrx_word' id='word_1_205' title='bbox 2027 1967 2335 2016; x_wconf 88' lang='lat' dir='ltr'>ratiocinia</span> <span class='ocrx_word' id='word_1_206' title='bbox 2365 1968 2556 2029; x_wconf 92' lang='lat' dir='ltr'>inper-</span> 
     </span>
     <span class='ocr_line' id='line_1_32' title="bbox 349 2032 2556 2100; baseline 0.001 -16"><span class='ocrx_word' id='word_1_207' title='bbox 349 2032 684 2085; x_wconf 89' lang='lat' dir='ltr'>serutabiles</span> <span class='ocrx_word' id='word_1_208' title='bbox 714 2034 921 2085; x_wconf 90' lang='lat' dir='ltr'>reddit:</span> <span class='ocrx_word' id='word_1_209' title='bbox 952 2034 1131 2099; x_wconf 91' lang='lat' dir='ltr'>Igitur</span> <span class='ocrx_word' id='word_1_210' title='bbox 1159 2037 1286 2086; x_wconf 92' lang='lat' dir='ltr'>eius</span> <span class='ocrx_word' id='word_1_211' title='bbox 1314 2037 1542 2099; x_wconf 92' lang='lat' dir='ltr'>generis</span> <span class='ocrx_word' id='word_1_212' title='bbox 1571 2035 1970 2087; x_wconf 90' lang='lat' dir='ltr'>Parallaxium</span> <span class='ocrx_word' id='word_1_213' title='bbox 2001 2035 2384 2087; x_wconf 91' lang='lat' dir='ltr'>enodationes</span> <span class='ocrx_word' id='word_1_214' title='bbox 2414 2052 2556 2100; x_wconf 91' lang='lat' dir='ltr'>qua-</span> 
     </span>
     <span class='ocr_line' id='line_1_33' title="bbox 350 2104 2556 2170; baseline 0.001 -15"><span class='ocrx_word' id='word_1_215' title='bbox 350 2119 585 2168; x_wconf 91' lang='lat' dir='ltr'>cunque</span> <span class='ocrx_word' id='word_1_216' title='bbox 605 2104 845 2156; x_wconf 90' lang='lat' dir='ltr'>tandem</span> <span class='ocrx_word' id='word_1_217' title='bbox 866 2104 1098 2156; x_wconf 91' lang='lat' dir='ltr'>solertia</span> <span class='ocrx_word' id='word_1_218' title='bbox 1124 2108 1481 2170; x_wconf 86' lang='lat' dir='ltr'>excogitatae,</span> <span class='ocrx_word' id='word_1_219' title='bbox 1509 2105 1607 2157; x_wconf 84' lang='lat' dir='ltr'>effi</span> <span class='ocrx_word' id='word_1_220' title='bbox 1631 2105 1956 2157; x_wconf 86' lang='lat' dir='ltr'>artificiosae</span> <span class='ocrx_word' id='word_1_221' title='bbox 1982 2105 2103 2166; x_wconf 84' lang='lat' dir='ltr'>sint,</span> <span class='ocrx_word' id='word_1_222' title='bbox 2130 2108 2329 2157; x_wconf 92' lang='lat' dir='ltr'>minus</span> <span class='ocrx_word' id='word_1_223' title='bbox 2355 2113 2556 2159; x_wconf 91' lang='lat' dir='ltr'>tamen</span> 
     </span>
     <span class='ocr_line' id='line_1_34' title="bbox 350 2174 864 2227; baseline 0.002 -1"><span class='ocrx_word' id='word_1_224' title='bbox 350 2175 608 2226; x_wconf 82' lang='lat' dir='ltr'>vtilitatis</span> <span class='ocrx_word' id='word_1_225' title='bbox 628 2174 864 2227; x_wconf 89' lang='lat' dir='ltr'>habent.</span> 
     </span>
    </p>

    <p class='ocr_par' dir='ltr' id='par_1_12' title="bbox 346 2245 2556 3303">
     <span class='ocr_line' id='line_1_35' title="bbox 422 2245 2556 2312; baseline 0.001 -15"><span class='ocrx_word' id='word_1_226' title='bbox 422 2245 788 2298; x_wconf 90' lang='lat' dir='ltr'>Eiuscemodi</span> <span class='ocrx_word' id='word_1_227' title='bbox 809 2262 1047 2310; x_wconf 92' lang='lat' dir='ltr'>quoque</span> <span class='ocrx_word' id='word_1_228' title='bbox 1067 2246 1307 2298; x_wconf 87' lang='lat' dir='ltr'>fuerunt</span> <span class='ocrx_word' id='word_1_229' title='bbox 1326 2249 1531 2299; x_wconf 90' lang='lat' dir='ltr'>omnia</span> <span class='ocrx_word' id='word_1_230' title='bbox 1550 2247 2002 2312; x_wconf 90' lang='lat' dir='ltr'>Regiomontani</span> <span class='ocrx_word' id='word_1_231' title='bbox 2021 2247 2408 2308; x_wconf 92' lang='lat' dir='ltr'>Problemata,</span> <span class='ocrx_word' id='word_1_232' title='bbox 2429 2255 2556 2300; x_wconf 93' lang='lat' dir='ltr'>tum</span> 
     </span>
     <span class='ocr_line' id='line_1_36' title="bbox 350 2317 2553 2382; baseline 0.001 -14"><span class='ocrx_word' id='word_1_233' title='bbox 350 2319 528 2368; x_wconf 91' lang='lat' dir='ltr'>etiam</span> <span class='ocrx_word' id='word_1_234' title='bbox 555 2333 691 2381; x_wconf 87' lang='lat' dir='ltr'>quae</span> <span class='ocrx_word' id='word_1_235' title='bbox 718 2317 1034 2382; x_wconf 86' lang='lat' dir='ltr'>Digessaeus</span> <span class='ocrx_word' id='word_1_236' title='bbox 1060 2317 1290 2382; x_wconf 90' lang='lat' dir='ltr'>Anglus</span> <span class='ocrx_word' id='word_1_237' title='bbox 1316 2324 1492 2382; x_wconf 92' lang='lat' dir='ltr'>atque</span> <span class='ocrx_word' id='word_1_238' title='bbox 1518 2317 1856 2370; x_wconf 92' lang='lat' dir='ltr'>Wittichius</span> <span class='ocrx_word' id='word_1_239' title='bbox 1885 2321 1948 2369; x_wconf 94' lang='lat' dir='ltr'>in</span> <span class='ocrx_word' id='word_1_240' title='bbox 1976 2317 2069 2370; x_wconf 92' lang='lat' dir='ltr'>his</span> <span class='ocrx_word' id='word_1_241' title='bbox 2097 2318 2374 2382; x_wconf 89' lang='lat' dir='ltr'>speculati</span> <span class='ocrx_word' id='word_1_242' title='bbox 2402 2319 2553 2379; x_wconf 91' lang='lat' dir='ltr'>sunt;</span> 
     </span>
     <span class='ocr_line' id='line_1_37' title="bbox 348 2389 2553 2453; baseline 0.001 -14"><span class='ocrx_word' id='word_1_243' title='bbox 348 2391 535 2453; x_wconf 88' lang='lat' dir='ltr'>magis</span> <span class='ocrx_word' id='word_1_244' title='bbox 556 2390 772 2453; x_wconf 88' lang='lat' dir='ltr'>ingenij</span> <span class='ocrx_word' id='word_1_245' title='bbox 797 2403 1051 2440; x_wconf 92' lang='lat' dir='ltr'>acumen</span> <span class='ocrx_word' id='word_1_246' title='bbox 1070 2395 1247 2452; x_wconf 90' lang='lat' dir='ltr'>atque</span> <span class='ocrx_word' id='word_1_247' title='bbox 1267 2390 1630 2440; x_wconf 91' lang='lat' dir='ltr'>inuentionis</span> <span class='ocrx_word' id='word_1_248' title='bbox 1652 2389 2135 2453; x_wconf 92' lang='lat' dir='ltr'>promtitudinem</span> <span class='ocrx_word' id='word_1_249' title='bbox 2162 2392 2442 2441; x_wconf 89' lang='lat' dir='ltr'>eximiam</span> <span class='ocrx_word' id='word_1_250' title='bbox 2467 2406 2553 2441; x_wconf 91' lang='lat' dir='ltr'>re-</span> 
     </span>
     <span class='ocr_line' id='line_1_38' title="bbox 349 2458 2552 2523; baseline 0.001 -13"><span class='ocrx_word' id='word_1_251' title='bbox 349 2458 626 2520; x_wconf 90' lang='lat' dir='ltr'>dolentia,</span> <span class='ocrx_word' id='word_1_252' title='bbox 655 2475 838 2523; x_wconf 91' lang='lat' dir='ltr'>quam</span> <span class='ocrx_word' id='word_1_253' title='bbox 864 2459 1024 2523; x_wconf 92' lang='lat' dir='ltr'>quod</span> <span class='ocrx_word' id='word_1_254' title='bbox 1043 2461 1107 2510; x_wconf 91' lang='lat' dir='ltr'>in</span> <span class='ocrx_word' id='word_1_255' title='bbox 1126 2458 1503 2511; x_wconf 90' lang='lat' dir='ltr'>ascititiorum</span> <span class='ocrx_word' id='word_1_256' title='bbox 1523 2459 1681 2511; x_wconf 89' lang='lat' dir='ltr'>Coeli</span> <span class='ocrx_word' id='word_1_257' title='bbox 1701 2459 2167 2520; x_wconf 89' lang='lat' dir='ltr'>Phaenomenon‚</span> <span class='ocrx_word' id='word_1_258' title='bbox 2194 2467 2424 2512; x_wconf 95' lang='lat' dir='ltr'>motum</span> <span class='ocrx_word' id='word_1_259' title='bbox 2450 2460 2552 2512; x_wconf 89' lang='lat' dir='ltr'>ali-</span> 
     </span>
     <span class='ocr_line' id='line_1_39' title="bbox 350 2530 2553 2595; baseline 0 -14"><span class='ocrx_word' id='word_1_260' title='bbox 350 2545 529 2594; x_wconf 90' lang='lat' dir='ltr'>quem</span> <span class='ocrx_word' id='word_1_261' title='bbox 553 2533 860 2594; x_wconf 91' lang='lat' dir='ltr'>proprium</span> <span class='ocrx_word' id='word_1_262' title='bbox 887 2533 1333 2591; x_wconf 89' lang='lat' dir='ltr'>excercentium,</span> <span class='ocrx_word' id='word_1_263' title='bbox 1360 2533 1441 2582; x_wconf 87' lang='lat' dir='ltr'>vti</span> <span class='ocrx_word' id='word_1_264' title='bbox 1466 2533 1530 2581; x_wconf 92' lang='lat' dir='ltr'>in</span> <span class='ocrx_word' id='word_1_265' title='bbox 1551 2530 1814 2582; x_wconf 94' lang='lat' dir='ltr'>Cometis</span> <span class='ocrx_word' id='word_1_266' title='bbox 1836 2530 1964 2582; x_wconf 89' lang='lat' dir='ltr'>fieri</span> <span class='ocrx_word' id='word_1_267' title='bbox 1983 2531 2268 2592; x_wconf 83' lang='lat' dir='ltr'>videmuS,</span> <span class='ocrx_word' id='word_1_268' title='bbox 2297 2547 2553 2595; x_wconf 90' lang='lat' dir='ltr'>quorum</span> 
     </span>
     <span class='ocr_line' id='line_1_40' title="bbox 347 2600 2550 2666; baseline 0.001 -14"><span class='ocrx_word' id='word_1_269' title='bbox 347 2600 713 2665; x_wconf 89' lang='lat' dir='ltr'>indagationi</span> <span class='ocrx_word' id='word_1_270' title='bbox 725 2601 1076 2665; x_wconf 86' lang='lat' dir='ltr'>potissimum</span> <span class='ocrx_word' id='word_1_271' title='bbox 1089 2600 1460 2662; x_wconf 80' lang='lat' dir='ltr'>destinantur,</span> <span class='ocrx_word' id='word_1_272' title='bbox 1482 2601 1541 2652; x_wconf 94' lang='lat' dir='ltr'>id</span> <span class='ocrx_word' id='word_1_273' title='bbox 1562 2601 1722 2665; x_wconf 92' lang='lat' dir='ltr'>quod</span> <span class='ocrx_word' id='word_1_274' title='bbox 1739 2601 2066 2661; x_wconf 92' lang='lat' dir='ltr'>intendunt,</span> <span class='ocrx_word' id='word_1_275' title='bbox 2088 2605 2301 2665; x_wconf 85' lang='lat' dir='ltr'>exequi</span> <span class='ocrx_word' id='word_1_276' title='bbox 2316 2609 2550 2666; x_wconf 89' lang='lat' dir='ltr'>queant.</span> 
     </span>
     <span class='ocr_line' id='line_1_41' title="bbox 348 2670 2551 2735; baseline 0 -12"><span class='ocrx_word' id='word_1_277' title='bbox 348 2671 409 2724; x_wconf 96' lang='lat' dir='ltr'>Si</span> <span class='ocrx_word' id='word_1_278' title='bbox 435 2671 759 2735; x_wconf 87' lang='lat' dir='ltr'>aliquando</span> <span class='ocrx_word' id='word_1_279' title='bbox 785 2671 968 2723; x_wconf 88' lang='lat' dir='ltr'>fimile</span> <span class='ocrx_word' id='word_1_280' title='bbox 993 2670 1133 2723; x_wconf 92' lang='lat' dir='ltr'>huic</span> <span class='ocrx_word' id='word_1_281' title='bbox 1156 2672 1355 2723; x_wconf 86' lang='lat' dir='ltr'>Nouae</span> <span class='ocrx_word' id='word_1_282' title='bbox 1375 2671 1571 2723; x_wconf 87' lang='lat' dir='ltr'>Stellae</span> <span class='ocrx_word' id='word_1_283' title='bbox 1591 2671 2041 2724; x_wconf 91' lang='lat' dir='ltr'>Phaenomenon</span> <span class='ocrx_word' id='word_1_284' title='bbox 2068 2679 2338 2724; x_wconf 92' lang='lat' dir='ltr'>exortum</span> <span class='ocrx_word' id='word_1_285' title='bbox 2362 2672 2551 2734; x_wconf 88' lang='lat' dir='ltr'>fuerit,</span> 
     </span>
     <span class='ocr_line' id='line_1_42' title="bbox 349 2742 2551 2807; baseline 0 -13"><span class='ocrx_word' id='word_1_286' title='bbox 349 2742 508 2807; x_wconf 92' lang='lat' dir='ltr'>quod</span> <span class='ocrx_word' id='word_1_287' title='bbox 523 2757 766 2794; x_wconf 92' lang='lat' dir='ltr'>omnem</span> <span class='ocrx_word' id='word_1_288' title='bbox 777 2745 1084 2806; x_wconf 92' lang='lat' dir='ltr'>proprium</span> <span class='ocrx_word' id='word_1_289' title='bbox 1097 2749 1327 2794; x_wconf 93' lang='lat' dir='ltr'>motum</span> <span class='ocrx_word' id='word_1_290' title='bbox 1342 2742 1658 2804; x_wconf 85' lang='lat' dir='ltr'>excluserit,</span> <span class='ocrx_word' id='word_1_291' title='bbox 1679 2745 1878 2807; x_wconf 81' lang='lat' dir='ltr'>vtique</span> <span class='ocrx_word' id='word_1_292' title='bbox 1892 2743 2101 2795; x_wconf 90' lang='lat' dir='ltr'>talium</span> <span class='ocrx_word' id='word_1_293' title='bbox 2114 2743 2551 2795; x_wconf 92' lang='lat' dir='ltr'>Problematum</span> 
     </span>
     <span class='ocr_line' id='line_1_43' title="bbox 346 2812 2551 2878; baseline 0 -13"><span class='ocrx_word' id='word_1_294' title='bbox 346 2813 562 2865; x_wconf 88' lang='lat' dir='ltr'>vtilitas</span> <span class='ocrx_word' id='word_1_295' title='bbox 573 2828 697 2864; x_wconf 96' lang='lat' dir='ltr'>non</span> <span class='ocrx_word' id='word_1_296' title='bbox 709 2813 784 2865; x_wconf 84' lang='lat' dir='ltr'>est</span> <span class='ocrx_word' id='word_1_297' title='bbox 795 2813 1004 2874; x_wconf 90' lang='lat' dir='ltr'>ociosa,</span> <span class='ocrx_word' id='word_1_298' title='bbox 1018 2812 1115 2865; x_wconf 93' lang='lat' dir='ltr'>sed</span> <span class='ocrx_word' id='word_1_299' title='bbox 1128 2819 1267 2865; x_wconf 92' lang='lat' dir='ltr'>tunc</span> <span class='ocrx_word' id='word_1_300' title='bbox 1281 2816 1546 2878; x_wconf 90' lang='lat' dir='ltr'>apprime</span> <span class='ocrx_word' id='word_1_301' title='bbox 1560 2813 1759 2865; x_wconf 94' lang='lat' dir='ltr'>locum</span> <span class='ocrx_word' id='word_1_302' title='bbox 1771 2820 2044 2875; x_wconf 90' lang='lat' dir='ltr'>meretur,</span> <span class='ocrx_word' id='word_1_303' title='bbox 2060 2815 2337 2878; x_wconf 86' lang='lat' dir='ltr'>quaedam</span> <span class='ocrx_word' id='word_1_304' title='bbox 2349 2821 2551 2866; x_wconf 91' lang='lat' dir='ltr'>tamen</span> 
     </span>
     <span class='ocr_line' id='line_1_44' title="bbox 346 2883 2551 2948; baseline 0 -13"><span class='ocrx_word' id='word_1_305' title='bbox 346 2884 496 2948; x_wconf 86' lang='lat' dir='ltr'>pluS,</span> <span class='ocrx_word' id='word_1_306' title='bbox 519 2884 797 2948; x_wconf 85' lang='lat' dir='ltr'>quaedam</span> <span class='ocrx_word' id='word_1_307' title='bbox 815 2899 958 2935; x_wconf 86' lang='lat' dir='ltr'>vero</span> <span class='ocrx_word' id='word_1_308' title='bbox 978 2886 1177 2935; x_wconf 92' lang='lat' dir='ltr'>minus</span> <span class='ocrx_word' id='word_1_309' title='bbox 1198 2883 1628 2936; x_wconf 91' lang='lat' dir='ltr'>commoditatis</span> <span class='ocrx_word' id='word_1_310' title='bbox 1647 2883 1965 2945; x_wconf 92' lang='lat' dir='ltr'>habebunt,</span> <span class='ocrx_word' id='word_1_311' title='bbox 1993 2887 2056 2936; x_wconf 93' lang='lat' dir='ltr'>in</span> <span class='ocrx_word' id='word_1_312' title='bbox 2076 2887 2299 2936; x_wconf 86' lang='lat' dir='ltr'>caeteris</span> <span class='ocrx_word' id='word_1_313' title='bbox 2318 2884 2551 2936; x_wconf 82' lang='lat' dir='ltr'>seorsim</span> 
     </span>
     <span class='ocr_line' id='line_1_45' title="bbox 348 2954 2549 3020; baseline 0 -14"><span class='ocrx_word' id='word_1_314' title='bbox 348 2954 707 3007; x_wconf 91' lang='lat' dir='ltr'>curriculum</span> <span class='ocrx_word' id='word_1_315' title='bbox 727 2954 970 3019; x_wconf 93' lang='lat' dir='ltr'>aliquod</span> <span class='ocrx_word' id='word_1_316' title='bbox 990 2970 1028 3006; x_wconf 92' lang='lat' dir='ltr'>a</span> <span class='ocrx_word' id='word_1_317' title='bbox 1045 2961 1213 3007; x_wconf 92' lang='lat' dir='ltr'>motu</span> <span class='ocrx_word' id='word_1_318' title='bbox 1225 2957 1417 3019; x_wconf 94' lang='lat' dir='ltr'>primo</span> <span class='ocrx_word' id='word_1_319' title='bbox 1431 2954 1764 3020; x_wconf 91' lang='lat' dir='ltr'>separatum</span> <span class='ocrx_word' id='word_1_320' title='bbox 1778 2956 2197 3016; x_wconf 84' lang='lat' dir='ltr'>exercentibuS,</span> <span class='ocrx_word' id='word_1_321' title='bbox 2219 2955 2549 3020; x_wconf 87' lang='lat' dir='ltr'>applicatio,</span> 
     </span>
     <span class='ocr_line' id='line_1_46' title="bbox 346 3023 2550 3090; baseline 0 -13"><span class='ocrx_word' id='word_1_322' title='bbox 346 3041 471 3077; x_wconf 95' lang='lat' dir='ltr'>non</span> <span class='ocrx_word' id='word_1_323' title='bbox 489 3025 693 3078; x_wconf 88' lang='lat' dir='ltr'>saltem</span> <span class='ocrx_word' id='word_1_324' title='bbox 712 3028 889 3077; x_wconf 92' lang='lat' dir='ltr'>nimis</span> <span class='ocrx_word' id='word_1_325' title='bbox 913 3023 1115 3078; x_wconf 69' lang='lat' dir='ltr'>coacta</span> <span class='ocrx_word' id='word_1_326' title='bbox 1140 3025 1231 3086; x_wconf 84' lang='lat' dir='ltr'>est,</span> <span class='ocrx_word' id='word_1_327' title='bbox 1257 3025 1354 3078; x_wconf 92' lang='lat' dir='ltr'>sed</span> <span class='ocrx_word' id='word_1_328' title='bbox 1378 3025 1612 3090; x_wconf 91' lang='lat' dir='ltr'>prorsus</span> <span class='ocrx_word' id='word_1_329' title='bbox 1639 3026 2005 3087; x_wconf 87' lang='lat' dir='ltr'>dissentanea,</span> <span class='ocrx_word' id='word_1_330' title='bbox 2033 3026 2105 3078; x_wconf 93' lang='lat' dir='ltr'>de</span> <span class='ocrx_word' id='word_1_331' title='bbox 2132 3026 2344 3090; x_wconf 92' lang='lat' dir='ltr'>quibus</span> <span class='ocrx_word' id='word_1_332' title='bbox 2372 3028 2550 3078; x_wconf 89' lang='lat' dir='ltr'>etiam</span> 
     </span>
     <span class='ocr_line' id='line_1_47' title="bbox 346 3095 2547 3161; baseline 0 -13"><span class='ocrx_word' id='word_1_333' title='bbox 346 3096 720 3148; x_wconf 89' lang='lat' dir='ltr'>Thaddaeum</span> <span class='ocrx_word' id='word_1_334' title='bbox 738 3112 843 3161; x_wconf 94' lang='lat' dir='ltr'>per</span> <span class='ocrx_word' id='word_1_335' title='bbox 861 3095 1059 3148; x_wconf 90' lang='lat' dir='ltr'>literas</span> <span class='ocrx_word' id='word_1_336' title='bbox 1078 3096 1380 3148; x_wconf 92' lang='lat' dir='ltr'>admonui.</span> <span class='ocrx_word' id='word_1_337' title='bbox 1402 3096 1516 3149; x_wconf 93' lang='lat' dir='ltr'>Sed</span> <span class='ocrx_word' id='word_1_338' title='bbox 1536 3095 1747 3150; x_wconf 73' lang='lat' dir='ltr'>relictis</span> <span class='ocrx_word' id='word_1_339' title='bbox 1759 3097 2160 3149; x_wconf 87' lang='lat' dir='ltr'>Parallaxium</span> <span class='ocrx_word' id='word_1_340' title='bbox 2176 3095 2547 3157; x_wconf 69' lang='lat' dir='ltr'>anfractibuS,</span> 
     </span>
     <span class='ocr_line' id='line_1_48' title="bbox 347 3166 2549 3232; baseline -0.001 -12"><span class='ocrx_word' id='word_1_341' title='bbox 347 3167 423 3220; x_wconf 91' lang='lat' dir='ltr'>ad</span> <span class='ocrx_word' id='word_1_342' title='bbox 443 3167 638 3220; x_wconf 88' lang='lat' dir='ltr'>Stenae</span> <span class='ocrx_word' id='word_1_343' title='bbox 663 3166 844 3219; x_wconf 91' lang='lat' dir='ltr'>huius</span> <span class='ocrx_word' id='word_1_344' title='bbox 868 3170 932 3218; x_wconf 95' lang='lat' dir='ltr'>in</span> <span class='ocrx_word' id='word_1_345' title='bbox 952 3166 1127 3219; x_wconf 90' lang='lat' dir='ltr'>Coelo</span> <span class='ocrx_word' id='word_1_346' title='bbox 1152 3166 1418 3232; x_wconf 84' lang='lat' dir='ltr'>positum,</span> <span class='ocrx_word' id='word_1_347' title='bbox 1446 3170 1549 3231; x_wconf 92' lang='lat' dir='ltr'>qui</span> <span class='ocrx_word' id='word_1_348' title='bbox 1574 3167 1830 3232; x_wconf 82' lang='lat' dir='ltr'>planiori</span> <span class='ocrx_word' id='word_1_349' title='bbox 1855 3167 2213 3232; x_wconf 82' lang='lat' dir='ltr'>inquisitioni</span> <span class='ocrx_word' id='word_1_350' title='bbox 2238 3174 2411 3231; x_wconf 89' lang='lat' dir='ltr'>patet,</span> <span class='ocrx_word' id='word_1_351' title='bbox 2438 3182 2549 3218; x_wconf 93' lang='lat' dir='ltr'>nos</span> 
     </span>
     <span class='ocr_line' id='line_1_49' title="bbox 347 3237 2545 3303; baseline -0 -13"><span class='ocrx_word' id='word_1_352' title='bbox 347 3237 735 3299; x_wconf 82' lang='lat' dir='ltr'>conferemuS,</span> <span class='ocrx_word' id='word_1_353' title='bbox 763 3253 1017 3302; x_wconf 87' lang='lat' dir='ltr'>quaeque</span> <span class='ocrx_word' id='word_1_354' title='bbox 1038 3238 1110 3290; x_wconf 91' lang='lat' dir='ltr'>de</span> <span class='ocrx_word' id='word_1_355' title='bbox 1130 3237 1244 3289; x_wconf 88' lang='lat' dir='ltr'>hoe</span> <span class='ocrx_word' id='word_1_356' title='bbox 1262 3237 1602 3290; x_wconf 86' lang='lat' dir='ltr'>Thaddaeus</span> <span class='ocrx_word' id='word_1_357' title='bbox 1622 3238 1833 3299; x_wconf 84' lang='lat' dir='ltr'>astruit,</span> <span class='ocrx_word' id='word_1_358' title='bbox 1860 3239 2040 3291; x_wconf 95' lang='lat' dir='ltr'>modo</span> <span class='ocrx_word' id='word_1_359' title='bbox 2066 3238 2545 3303; x_wconf 82' lang='lat' dir='ltr'>introspiciemuS.</span> 
     </span>
    </p>
   </div>
   <div class='ocr_carea' id='block_1_11' title="bbox 488 3447 2546 3501">
    <p class='ocr_par' dir='ltr' id='par_1_13' title="bbox 488 3447 2546 3501">
     <span class='ocr_line' id='line_1_50' title="bbox 488 3447 2546 3501; baseline 0.001 -4"><span class='ocrx_word' id='word_1_360' title='bbox 488 3461 534 3497; x_wconf 78' lang='lat'>5⁸</span> <span class='ocrx_word' id='word_1_361' title='bbox 2265 3447 2546 3501; x_wconf 90' lang='lat' dir='ltr'>CAPITE</span> 
     </span>
    </p>
   </div>
  </div>
 </body>
</html>
