2976 4264
208 1127 250 1162 10

206 1483 247 1517 15

201 2194 247 2228 25

999 330 1792 385 PROGYMNASMATA
2411 332 2503 384 313

299 478 402 523 aut
421 471 725 524 calamitas
745 475 808 524 in
827 475 942 525 tuis
962 472 1180 526 finibus
1194 474 1481 535 audietur,
1502 473 1746 538 tuosque
1760 489 1963 525 muros
1977 473 2222 526 salutem
2237 480 2292 525 et
2305 480 2503 539 portas

298 542 538 595 laudem
567 543 908 608 appellabis,
942 545 1012 596 Et
1041 560 1178 609 quae
1209 545 1550 610 praecedunt
1579 545 1631 597 &
1658 544 2000 609 sequuntur:
2033 545 2135 597 ubi
2162 544 2236 596 fic
2263 545 2504 597 tandem

299 613 615 666 concludit:
646 614 711 667 Id
738 614 896 679 quod
924 630 1031 680 ego
1059 615 1286 668 Iehoua
1310 615 1413 667 suo
1438 622 1702 681 tempore
1728 614 2084 668 accelerabO.
2114 615 2503 680 Reperiuntur

299 700 538 749 quoque
570 684 742 750 plura
773 685 905 738 loca
935 692 1058 738 tam
1088 689 1152 738 in
1180 686 1484 751 Prophetis
1517 702 1699 751 quam
1726 686 2094 752 Apocalypfi‚
2126 686 2418 739 insolitam
2450 686 2503 738 ἃ

298 757 543 807 minime
575 755 864 820 speratam
896 772 1095 809 rerum
1126 764 1494 810 terrenarum
1525 757 1859 810 felicitatem
1887 757 2247 822 spondentia,
2281 764 2504 822 quanta

297 826 434 878 sane
466 825 750 880 haetenus
782 827 949 879 nullo
979 828 1195 880 Mundi
1229 844 1365 880 aeuo
1395 831 1592 880 extitit.
1625 829 1700 880 Vt
1728 831 1901 894 igitur
1929 828 2258 893 Prophetiae
2287 831 2501 880 veritas

298 897 705 962 adimpleatur,
727 914 863 963 quae
882 898 1085 951 fallere
1105 915 1229 951 non
1248 899 1427 964 potest
1445 900 1714 964 (omnino
1730 902 1889 951 enim
1904 899 2019 951 Dei
2031 900 2289 952 veridico
2303 900 2502 964 spiritu

297 967 548 1034 prolata)
569 975 706 1021 ante
727 969 1119 1022 universalem
1138 985 1337 1022 rerum
1357 973 1673 1030 interitum,
1695 986 1830 1022 eam
1849 969 2044 1023 adhuc
2061 970 2269 1022 instare
2286 971 2501 1022 necesse

298 1039 389 1091 est.
418 1039 578 1103 Quid
603 1042 777 1105 igitur
801 1040 841 1092 fi
867 1043 931 1092 in
952 1040 1066 1092 hoc
1086 1056 1250 1093 nouo
1269 1041 1664 1106 Trigonorum
1684 1041 1943 1102 decursu,
1971 1057 2153 1106 quam
2173 1041 2353 1093 Stella
2372 1041 2502 1092 haec

298 1110 523 1163 insueta
552 1110 605 1162 ἀ
631 1111 983 1164 miraculosa
1011 1115 1279 1176 proxime
1308 1113 1580 1177 praecessit
1610 1112 1662 1164 &
1692 1112 1853 1177 quafi
1884 1112 2367 1177 praemonstrauit,
2400 1111 2502 1164 illa

298 1184 503 1234 omnia
527 1181 698 1234 suum
722 1182 1033 1235 sortiantur
1053 1182 1367 1235 eventum?
1394 1184 1730 1248 Opinantur
1757 1183 1996 1247 quidem
2024 1183 2287 1248 plerique
2314 1183 2500 1248 religi-

298 1255 430 1305 onis
452 1252 660 1306 statum
685 1253 839 1305 hisce
858 1255 1220 1319 temporibus
1240 1255 1316 1307 ad
1336 1254 1700 1306 clarissimam
1720 1254 2022 1318 quandam
2042 1255 2310 1318 adeoque
2330 1257 2501 1306 meri-

298 1325 540 1376 dianam
566 1324 816 1389 depulfis
843 1325 1118 1377 omnibus
1140 1325 1394 1377 tenebris
1414 1326 1731 1390 peruenisse
1752 1325 1961 1377 lucem.
1982 1325 2153 1377 Vnde
2173 1327 2346 1390 igitur
2366 1340 2502 1377 con-

297 1395 611 1456 trouerfiae‚
643 1402 924 1460 tantaque
957 1399 1310 1461 opinionum
1338 1399 1592 1448 varietas
1621 1396 1673 1447 &
1703 1399 2164 1448 concertationes
2196 1394 2501 1448 dodiorum

296 1469 561 1519 virorum
586 1467 932 1532 religionem
956 1466 1382 1532 profitentium;
1410 1468 1560 1519 adeo
1580 1473 1645 1519 ut
1665 1467 2032 1519 calamorum
2051 1466 2207 1519 bella
2225 1466 2357 1531 ipfis
2374 1469 2501 1532 jam

296 1540 476 1590 armis
496 1537 603 1590 fint
622 1537 917 1591 crebriora
937 1538 989 1590 &
1008 1537 1389 1590 nocentiora?
1409 1538 1579 1590 Vnde
1592 1544 1675 1590 tot
1690 1537 2050 1590 clancularia
2064 1537 2116 1589 &
2129 1544 2332 1602 aperta
2346 1538 2499 1598 odia,

295 1609 553 1670 invidiae,
585 1608 1047 1670 obtrectationeS,
1079 1609 1412 1669 calumniae,
1438 1607 1711 1661 vindictae
1742 1609 2101 1674 cupiditateS,
2132 1609 2498 1669 ambitioneS,

295 1682 582 1741 auaritiae,
614 1679 867 1741 fraudeS,
900 1679 1226 1745 philautiae,
1258 1683 1745 1745 intemperantiae,
1778 1686 1834 1731 et
1865 1680 1984 1732 alia
2015 1679 2366 1732 eiuscemodi
2397 1695 2499 1731 na-

295 1758 444 1803 turae
472 1750 747 1803 terrestris
775 1758 953 1816 atque
982 1752 1290 1803 Adamicae
1323 1753 1862 1815 coinquinamenta,
1897 1750 2271 1816 Olympicam
2302 1750 2499 1802 secun-

296 1821 440 1874 dum
454 1821 750 1874 Christum
763 1825 1232 1883 renouationem,
1254 1837 1437 1887 quam
1452 1825 1768 1874 minimum
1781 1820 2141 1874 redolentia?
2161 1822 2502 1873 Verendum

295 1892 434 1946 sane
455 1893 546 1955 est,
567 1909 643 1946 ne
664 1893 922 1959 aliquale
943 1893 1272 1946 diluculum
1290 1895 1650 1945 matutinum
1669 1892 1864 1945 adhuc
1877 1892 2076 1944 multis
2090 1893 2320 1944 nebulis
2336 1892 2387 1943 ἃ
2402 1892 2500 1944 ob-

294 1964 659 2017 scuritatibus
671 1967 1141 2017 contaminatum
1154 1964 1481 2029 ipfissimam
1493 1964 1781 2029 supremae
1793 1964 2059 2015 meridiei
2069 1963 2263 2015 lucem
2274 1970 2500 2027 repute-

295 2051 451 2088 mus:
479 2036 548 2088 In
568 2038 688 2101 qua
712 2042 1184 2101 praememoratae
1204 2035 1459 2087 Astrales
1478 2035 1873 2100 impressiones
1894 2037 2046 2087 circa
2071 2034 2378 2086 hominem
2397 2049 2499 2085 na—

295 2107 548 2159 turalem
568 2107 892 2159 exuberare
912 2107 1452 2172 praedominarique
1471 2113 1792 2171 nequeunt.
1816 2106 2081 2158 Omnino
2102 2108 2299 2169 itaque
2320 2105 2502 2157 aliam

296 2177 505 2230 instare
538 2178 990 2231 Mundanarum
1022 2193 1220 2230 rerum
1253 2177 1664 2238 inuerfionem,
1700 2184 1822 2229 tam
1854 2192 1974 2241 quo
2007 2176 2081 2228 ad
2115 2177 2447 2241 ReligioniS‚
2481 2171 2502 2244 ΙΙ

178 2256 266 2300 808
297 2264 480 2314 quam
511 2249 867 2315 Rerumpub.
901 2249 1462 2302 administrationem
1494 2264 1567 2301 ex
1598 2248 1710 2301 hac
1740 2248 1935 2308 Stella,
1970 2247 2207 2313 ejusque
2240 2263 2376 2299 cum
2406 2250 2500 2298 tri-

203 2549 250 2584 30

202 3259 248 3294 40

295 2335 452 2385 gono
471 2336 635 2373 nouo
655 2320 1050 2373 familiaritate
1070 2335 1344 2386 auguror.
1365 2320 1626 2372 Ventum
1644 2320 1721 2372 ad
1739 2319 2077 2385 supremum
2098 2318 2188 2380 est,
2209 2321 2503 2383 patientur

295 2391 525 2444 summa
549 2394 803 2453 ruinam,
831 2394 933 2457 qui
960 2392 1127 2444 Deus
1153 2394 1217 2443 in
1243 2391 1430 2444 Coelis
1456 2394 1598 2457 regit
1625 2391 1678 2442 &
1702 2397 1859 2456 reget
1885 2393 2089 2442 omnia
2113 2392 2294 2441 terris,
2326 2389 2502 2441 Plura

296 2478 420 2515 non
434 2462 673 2515 addam:
694 2462 824 2515 haec
841 2463 1296 2528 intelligentibus
1311 2462 1364 2514 &
1378 2462 1583 2514 oculos
1598 2464 1826 2527 aperire
1840 2461 2171 2514 volentibus
2185 2459 2499 2512 sufficiunt:

299 2534 522 2599 Ignaris
542 2534 594 2586 &
614 2534 923 2587 obcaecatis
943 2550 1018 2586 ne
1040 2533 1280 2599 quidem
1298 2534 1557 2598 plurima
1575 2532 1919 2585 sufficerent.

368 2604 546 2669 Quod
560 2604 600 2656 fi
616 2607 718 2670 qui
731 2605 950 2657 Mundi
965 2607 1211 2656 exitium
1223 2607 1350 2671 jam
1358 2606 1486 2670 jam
1498 2607 1809 2656 imminere
1825 2604 1911 2668 (ut
1926 2603 2184 2668 quotidie
2200 2601 2499 2654 occafione

295 2675 524 2740 sumpta
549 2691 622 2728 ex
648 2674 800 2728 did'to
821 2675 967 2727 Eliae
988 2676 1237 2728 Rabbini
1262 2675 1582 2739 inculcant)
1606 2675 1858 2741 objicere
1878 2674 2075 2734 velint,
2102 2674 2354 2737 ideoque
2381 2687 2499 2736 quo

296 2746 416 2799 alia
443 2762 643 2799 rerum
671 2746 774 2799 fiat
801 2745 1304 2811 metamorphosiS‚
1336 2749 1435 2797 vix
1466 2753 1698 2811 tempus
1729 2746 2027 2810 superesse:
2061 2745 2180 2796 Illis
2212 2743 2324 2795 hoc
2355 2743 2499 2794 Eliae

297 2819 425 2883 ejus
445 2817 908 2870 Pronunciatum
927 2833 1051 2869 non
1070 2817 1203 2869 satis
1222 2819 1586 2869 autenticum
1606 2818 1726 2878 esse,
1748 2832 1856 2869 nec
1876 2820 1939 2868 in
1958 2816 2130 2868 sacris
2146 2816 2351 2866 Literis
2370 2814 2499 2865 fun-

297 2888 446 2941 dari:
476 2894 605 2941 utut
633 2888 1010 2953 plausibiliter
1038 2887 1351 2949 adferatur,
1382 2888 1726 2953 respondeo:
1759 2887 1811 2939 &
1839 2890 2034 2952 potius
2064 2885 2248 2938 Paulo
2277 2884 2499 2937 auscul-

296 2959 544 3012 tandum
574 2959 797 3020 censeo,
830 2962 933 3024 qui
961 2959 1194 3011 Iudaeos
1224 2966 1361 3011 ante
1391 2959 1609 3011 Mundi
1638 2958 2204 3011 consummationem
2234 2955 2499 3008 Ecclefiae

296 3030 635 3083 inserendos
655 3030 838 3095 (quod
858 3029 1005 3082 forte
1026 3030 1275 3082 durante
1295 3029 1476 3096 hujus
1491 3028 1944 3096 Conjundtiom's
1963 3031 2241 3080 maximae
2257 3029 2500 3078 circuitu

296 3101 418 3166 fiet)
448 3101 683 3154 discrete
712 3101 990 3166 praedicit.
1023 3100 1201 3164 Quod
1226 3100 1364 3153 sane
1390 3100 1586 3153 adhuc
1615 3115 1997 3166 nequaquam
2022 3097 2241 3151 facium
2270 3098 2360 3157 est,
2391 3112 2499 3149 nec

298 3175 476 3225 etiam
502 3175 715 3238 exiguo
740 3179 1020 3236 tempore,
1047 3174 1110 3223 in
1133 3173 1299 3224 tanta
1323 3172 1663 3224 Iudaeorum
1687 3171 2077 3230 multitudine,
2106 3176 2328 3234 quanta
2352 3168 2499 3220 forte

297 3244 546 3296 durante
576 3258 784 3295 eorum
813 3242 1033 3307 Repub.
1064 3245 1127 3294 in
1156 3242 1440 3295 Palestina
1471 3259 1595 3295 non
1628 3245 1825 3303 extitit,
1860 3242 1911 3293 &
1943 3256 2046 3306 per
2076 3243 2271 3292 varias
2298 3247 2498 3298 terraS‚

297 3314 660 3379 dispersione,
687 3316 750 3366 in
771 3316 1179 3366 executionem
1200 3313 1395 3366 diduci
1414 3315 1581 3379 posse,
1609 3314 1954 3366 humanitus
1976 3311 2293 3376 loquend0‚
2321 3310 2499 3362 credi-

296 3385 411 3437 bile
439 3385 528 3437 est.
559 3385 658 3436 Pie
685 3391 885 3437 tamen
912 3384 964 3436 81
991 3383 1141 3437 recte
1168 3384 1239 3436 de
1266 3400 1463 3436 rerum
1490 3384 1801 3437 vifibilium
1826 3386 2062 3435 interitu
2089 3383 2395 3434 admoneri
2420 3380 2498 3431 se-

440 3467 487 3501 40
2330 3466 2498 3502 curas
