2976 4264
535 303 626 353 126
1035 295 1645 349 ASTRONOMIAE
1672 294 2239 348 INSTAURATAE

534 443 722 508 ipsum
747 448 945 493 tamen
972 441 1264 491 contrario
1292 438 1738 490 ostendentibus.
1768 437 1969 500 Quare
1996 437 2306 490 difficulter
2330 438 2386 491 se
2413 455 2450 491 a
2475 438 2739 493 doctrina

536 515 606 566 de
628 510 984 565 distinctione
998 509 1296 561 AEthereae
1314 516 1490 573 atque
1505 508 1892 560 Elementaris
1907 509 2180 573 Regionis
2194 525 2232 561 a
2244 510 2638 575 Peripateticis
2656 518 2739 563 tot

534 589 655 637 iam
674 582 877 634 seculis
899 580 1060 645 quafi
1079 596 1183 645 per
1201 596 1417 632 manus
1436 580 1665 640 tradita,
1687 579 1867 631 auelli
1887 582 2119 644 patitur.
2142 580 2437 644 Quamuis
2450 581 2492 633 fl
2506 582 2738 634 Mathe-

534 657 885 706 maticorum
907 651 1361 704 Obseruationes
1386 654 1448 702 in
1474 651 1767 715 prioribus
1789 650 2052 703 Cometis
2077 651 2211 703 satis
2237 650 2436 705 exadte
2457 656 2739 718 omnique

535 729 677 778 vitio
704 730 966 776 carentes
992 725 1055 774 in
1079 728 1357 787 promptu
1381 722 1467 773 illi
1492 722 1730 783 fuissent,
1756 724 1955 786 vtique
1983 721 2036 773 8(
2060 722 2171 774 hos
2194 725 2258 774 in
2277 723 2399 788 ipso
2421 724 2589 776 Caelo
2609 740 2739 790 pro-
2789 744 2812 779 5

536 788 760 849 creatos
776 794 827 846 &
841 793 1205 846 Aristotelica
1223 795 1512 858 principia
1532 794 1788 845 euertisse
1805 795 1927 845 iam
1941 793 2168 845 dudum
2180 793 2542 859 perspectum
2555 795 2740 848 habu-

535 870 669 919 isset:
693 866 903 930 Sicque
924 868 987 916 in
1006 864 1119 917 hac
1140 864 1320 917 Stella
1338 867 1535 916 minor
1554 864 1861 916 haefitandi
1879 864 2230 929 superfuisset
2250 865 2490 918 occasio,

605 936 805 990 Vic'tus
818 939 1016 1000 itaque
1027 942 1293 988 veterum
1308 938 1636 996 autoritate,
1652 935 1871 1000 diuque
1887 936 2212 1000 approbata
2225 939 2524 1001 opinione,
2540 944 2743 991 contra

534 1011 835 1075 propriam
849 1009 1287 1072 experientiam,
1310 1007 1653 1059 elementari
1669 1007 1796 1059 orbi
1810 1006 2053 1059 Stellam
2073 1006 2229 1059 hanc
2243 1007 2481 1073 affigere
2494 1009 2741 1071 mauult,

534 1082 890 1133 mutationes
917 1081 1060 1139 eius,
1088 1094 1237 1143 quas
1264 1077 1506 1139 admisit,
1533 1078 1922 1142 praetendens.
1952 1078 2119 1141 Quas
2144 1084 2346 1131 tamen
2370 1079 2620 1144 idipsum
2642 1096 2741 1132 ne·
2795 1099 2838 1134 10

536 1153 766 1204 cessario
793 1166 916 1202 non
941 1150 1209 1215 probare,
1236 1152 1357 1202 iam
1384 1156 1561 1202 antea
1586 1149 1843 1201 diximus
1871 1149 1923 1200 8(
1949 1149 2128 1202 fufius
2154 1149 2267 1202 hac
2293 1150 2365 1203 de
2392 1166 2454 1203 re
2482 1167 2606 1217 cap.
2628 1152 2677 1204 3.
2706 1168 2743 1204 a

536 1222 706 1275 nobis
728 1222 1081 1286 disputatum
1103 1221 1192 1273 est.

608 1292 1020 1345 Praedictiones
1034 1292 1160 1358 Filij
1179 1292 1295 1343 Dei
1316 1291 1413 1343 etsi
1433 1292 1505 1344 de
1524 1291 1683 1357 signo
1705 1294 1832 1344 eius
1852 1292 2078 1344 caelitus
2098 1295 2439 1357 apparituro
2460 1309 2570 1346 nos
2587 1310 2743 1346 com-

537 1364 956 1417 monefaciant:
984 1363 1214 1415 Tamen
1235 1363 1411 1428 quale
1431 1363 1494 1415 fit
1513 1362 1659 1415 illud
1679 1362 1905 1428 fignum
1924 1363 2206 1425 futurum,
2234 1380 2358 1416 non
2378 1371 2575 1430 aperte
2596 1365 2743 1418 indi-

536 1443 719 1489 catur:
748 1436 961 1500 Neque
983 1435 1191 1487 Stellas
1218 1450 1411 1486 nouas
1437 1437 1782 1496 exorituraS‚
1809 1434 1905 1486 sed
1930 1438 2126 1500 potius
2145 1442 2369 1488 veteres
2393 1439 2744 1498 interituraS‚
2799 1455 2841 1490 15

535 1511 661 1560 eius
681 1509 1027 1559 vaticinium
1051 1506 1232 1567 sonat,
1259 1513 1435 1570 prout
1460 1508 1896 1571 praenominato
1925 1509 2112 1571 capite
2138 1507 2433 1559 nonnulla
2455 1508 2527 1560 de
2551 1507 2644 1560 his
2663 1514 2745 1561 at-

534 1582 784 1644 tigimus
813 1579 1053 1629 Interim
1077 1584 1280 1629 tamen
1304 1580 1400 1642 pie
1428 1577 1480 1629 8(
1506 1577 1742 1629 cordate
1768 1576 1899 1629 haec
1927 1577 1979 1629 8(
2004 1578 2213 1630 fimilia
2238 1581 2302 1629 in
2325 1579 2590 1631 medium
2615 1595 2746 1644 pro-

535 1651 673 1702 ferri
691 1651 930 1714 possunt,
950 1656 1012 1701 vt
1031 1649 1300 1701 Mundus
1321 1652 1575 1700 nimium
1595 1648 1906 1710 dissolutuS,
1928 1652 2241 1714 potiusque
2262 1651 2606 1703 immundus
2627 1666 2747 1715 quo

536 1722 611 1774 ad
631 1721 947 1773 hominum
965 1720 1378 1785 incompositos
1397 1735 1594 1772 mores
1615 1720 2022 1785 appellandus,
2049 1721 2125 1773 ad
2145 1723 2550 1786 paenitentiam
2569 1729 2746 1787 atque

536 1793 762 1858 frugem
784 1792 947 1856 quafi
967 1808 999 1844 e
1019 1798 1278 1852 vetern0‚
1300 1807 1420 1856 quo
1440 1791 1629 1853 stertit,
1652 1794 1949 1844 excitetur.
2796 1811 2843 1846 20

608 1865 790 1916 Porro
812 1864 971 1928 quod
987 1879 1059 1915 ex
1075 1863 1462 1916 Cometarum
1481 1878 1693 1928 genere
1713 1862 1870 1915 hanc
1885 1863 2127 1916 Stellam
2148 1867 2406 1916 eximere
2427 1880 2552 1916 non
2571 1864 2749 1917 audet

537 1937 845 1996 PeuceruS‚
872 1938 1127 1987 nimium
1153 1941 1584 1999 praeoecupatae
1612 1934 1664 1986 8(
1692 1950 1764 1986 ex
1790 1934 2136 1987 Aristotelea
2160 1935 2359 1988 schola
2385 1935 2748 2001 depromptae

537 2008 836 2059 sententiae
863 2006 1138 2071 indulget.
1161 2005 1278 2057 Vifi
1298 2006 1539 2070 quidem
1563 2005 1693 2057 sunt
1719 2005 2030 2070 aliquoties
2052 2006 2320 2059 Cometae
2346 2023 2471 2059 non
2497 2007 2747 2068 caudati,

537 2078 633 2130 sed
646 2078 1029 2142 vndiquaque
1050 2077 1268 2129 hirsuti.
1291 2078 1370 2128 At
1391 2093 1527 2129 cum
1547 2077 1661 2128 illis
1682 2076 1832 2129 nihil
1853 2093 2169 2130 commune
2187 2077 2394 2130 habuit
2407 2077 2538 2131 haec
2552 2078 2748 2140 Stella,

538 2149 856 2213 multisque
877 2149 1085 2210 modiS‚
1106 2155 1166 2200 vt
1187 2154 1363 2200 antea
1381 2148 1707 2200 indicatum
1728 2148 1819 2210 est,
1841 2148 1915 2200 ab
1935 2149 2049 2200 istis
2070 2148 2390 2202 differebat.
2798 2167 2845 2202 25

611 2220 912 2272 Interualli
926 2219 1287 2285 magnitud0‚
1305 2220 1402 2271 etfi
1416 2219 1641 2284 aliquid
1655 2219 1772 2272 huc
1786 2219 1978 2272 facere
1992 2227 2235 2285 poterat,
2248 2227 2308 2273 vt
2323 2224 2528 2282 crineS,
2543 2221 2585 2273 fi
2599 2237 2748 2286 quos

538 2292 833 2352 habuisset,
854 2289 1095 2356 spectari
1115 2294 1487 2356 nequierant:
1508 2290 1739 2343 Tamen
1759 2291 2017 2356 aliquale
2039 2308 2248 2344 eorum
2263 2292 2566 2358 vestigium
2584 2299 2748 2345 tanto

539 2370 801 2428 tempore
823 2363 1070 2415 durante
1093 2362 1287 2424 Stella,
1315 2362 1633 2427 praesertim
1660 2363 1733 2414 ab
1760 2365 1928 2414 initio
1956 2379 2092 2415 cum
2118 2363 2388 2415 illustrior
2409 2365 2551 2425 esset‚
2577 2363 2749 2416 nobis

541 2435 899 2499 apparuisset,
920 2434 962 2485 fi
980 2435 1161 2486 modo
1183 2434 1324 2498 quid
1345 2434 1698 2486 eiuscemodi
1716 2434 1802 2485 illi
1822 2436 2207 2499 competiisset.

615 2506 768 2569 Quae
789 2506 860 2557 de
883 2506 1268 2558 Cometarum
1294 2506 1636 2569 corporibus
1663 2505 1992 2570 diaphaniS‚
2019 2506 2138 2558 fiue
2164 2512 2379 2559 natura
2399 2505 2451 2558 8(
2470 2509 2747 2571 potentia,
2798 2523 2844 2559 30

542 2577 660 2629 fiue
682 2579 940 2642 corporis
961 2580 1213 2638 raritate,
1235 2592 1417 2641 quam
1438 2576 1713 2628 diaclafin
1732 2584 1920 2638 vocat,
1940 2593 2045 2641 per
2065 2580 2344 2643 energian
2359 2577 2662 2642 quandam
2677 2593 2750 2630 ex

543 2648 920 2700 illustratione
950 2651 1174 2700 externi
1202 2648 1460 2709 luminis,
1495 2648 1881 2710 existentibuS‚
1916 2648 2139 2701 erudite
2170 2649 2434 2714 disputat,
2467 2648 2748 2714 replicare

542 2719 639 2771 hic
662 2720 826 2780 nolo;
854 2719 996 2771 alibi
1016 2720 1158 2784 quid
1178 2720 1249 2771 de
1269 2718 1362 2771 his
1382 2719 1627 2772 sentiam
1647 2719 1721 2772 ab
1741 2719 1864 2784 ipsa
1884 2722 2245 2785 experientia
2265 2718 2513 2772 deducta
2532 2719 2748 2772 resolu-

541 2793 718 2852 tione,
739 2791 1136 2843 manifestabo,

613 2863 795 2913 Porro
827 2878 952 2914 non
983 2865 1125 2914 citra
1156 2877 1282 2914 rem
1313 2864 1667 2927 pronunciat
1697 2865 1760 2913 in
1793 2861 2057 2914 Cometis
2089 2869 2265 2927 atque
2298 2862 2582 2914 Meteoris
2617 2861 2748 2927 ipfis
2797 2879 2845 2914 35

543 2933 798 2997 plurima
823 2933 1003 2985 latere
1029 2933 1208 2998 plena
1234 2936 1497 2985 numinis
1523 2933 1712 2985 diuini
1737 2939 1913 2998 atque
1940 2934 2370 2986 admirationis:
2402 2950 2537 2998 quae
2564 2933 2748 2986 obstu-

543 3004 827 3068 pescendo
849 3000 869 3072 ΙΙ
890 3005 1170 3057 admirari
1194 3007 1389 3069 potius
1416 3020 1598 3069 quam
1625 3007 1906 3057 extricare
1932 3006 2086 3057 licet:
2117 3004 2525 3057 Aristoteleam
2549 3011 2749 3057 tamen
2781 3013 2868 3057 612

544 3075 615 3126 de
632 3075 725 3126 his
740 3078 1099 3140 opinionem,
1121 3076 1280 3140 quod
1294 3075 1653 3140 plaufibilior
1665 3076 1751 3127 illi
1764 3076 1886 3128 visa
1898 3076 1977 3137 fit,
1999 3076 2258 3128 deserere
2273 3074 2604 3128 reluctatur.
2628 3075 2748 3139 Qui

543 3146 674 3197 licet
705 3146 982 3198 Cometas
1013 3147 1297 3199 essentiale
1328 3146 1469 3211 quid
1500 3148 1603 3199 esse
1632 3145 1783 3199 recte
1813 3147 2042 3199 dixerit:
2077 3148 2170 3199 De
2201 3147 2308 3199 fitu
2339 3153 2539 3199 tamen
2571 3153 2747 3211 atque

544 3220 919 3281 generatione
950 3234 1173 3279 eorum,
1207 3218 1367 3283 quod
1396 3234 1610 3283 nempe
1639 3221 1702 3270 in
1731 3218 2103 3271 inflammata
2130 3221 2379 3270 materia
2408 3218 2749 3270 elementari
2798 3233 2845 3268 4ο

544 3287 857 3349 versentur,
888 3304 1198 3353 perperam
1226 3289 1571 3341 sententiam
1599 3292 2039 3359 pronunciauit;
2066 3290 2141 3341 Vt
2169 3289 2542 3354 sequentibus
2570 3289 2747 3350 libris,

545 3359 785 3423 quando
807 3375 879 3411 ex
898 3360 1139 3424 professo
1160 3360 1232 3412 de
1252 3360 1344 3412 his
1364 3376 1623 3425 agemuS,
1644 3361 2042 3413 indubitanter
2062 3361 2636 3483 demonstrabitur.art

2410 3431 2555 3483 Frac
2639 3432 2745 3496 orij
