<?xml version="1.0" encoding="UTF-8"?>
<!DOCTYPE html PUBLIC "-//W3C//DTD XHTML 1.0 Transitional//EN"
    "http://www.w3.org/TR/xhtml1/DTD/xhtml1-transitional.dtd">
<html xmlns="http://www.w3.org/1999/xhtml" xml:lang="en" lang="en">
 <head>
  <title>
</title>
<meta http-equiv="Content-Type" content="text/html;charset=utf-8" />
  <meta name='ocr-system' content='tesseract 3.04.00' />
  <meta name='ocr-capabilities' content='ocr_page ocr_carea ocr_par ocr_line ocrx_word'/>
</head>
<body>
  <div class='ocr_page' id='page_1' title='image "./operaomniaedidit03brahuoft/operaomniaedidit03brahuoft_0064.png"; bbox 0 0 2976 4264; ppageno 0'>
   <div class='ocr_carea' id='block_1_1' title="bbox 459 336 2162 400">
    <p class='ocr_par' dir='ltr' id='par_1_1' title="bbox 459 336 2162 400">
     <span class='ocr_line' id='line_1_1' title="bbox 459 336 2162 400; baseline -0.007 0"><span class='ocrx_word' id='word_1_1' title='bbox 459 349 527 400; x_wconf 88' lang='lat'>52</span> <span class='ocrx_word' id='word_1_2' title='bbox 960 338 1568 393; x_wconf 90' lang='lat' dir='ltr'><strong>ASTRONOMIAE</strong></span> <span class='ocrx_word' id='word_1_3' title='bbox 1594 336 2162 391; x_wconf 87' lang='lat' dir='ltr'><strong>INSTAURATAE</strong></span> 
     </span>
    </p>
   </div>
   <div class='ocr_carea' id='block_1_2' title="bbox 460 475 2787 2024">
    <p class='ocr_par' dir='ltr' id='par_1_2' title="bbox 461 475 2662 542">
     <span class='ocr_line' id='line_1_2' title="bbox 461 475 2662 542; baseline -0.004 -13"><span class='ocrx_word' id='word_1_4' title='bbox 461 498 565 542; x_wconf 91' lang='lat' dir='ltr'>quo</span> <span class='ocrx_word' id='word_1_5' title='bbox 586 484 756 528; x_wconf 91' lang='lat' dir='ltr'>DEVS</span> <span class='ocrx_word' id='word_1_6' title='bbox 778 482 1006 536; x_wconf 89' lang='lat' dir='ltr'>optimus</span> <span class='ocrx_word' id='word_1_7' title='bbox 1028 478 1296 523; x_wconf 84' lang='lat' dir='ltr'>Maximus</span> <span class='ocrx_word' id='word_1_8' title='bbox 1321 476 1679 532; x_wconf 84' lang='lat' dir='ltr'>principaliter</span> <span class='ocrx_word' id='word_1_9' title='bbox 1705 488 1892 521; x_wconf 89' lang='lat' dir='ltr'>omnes</span> <span class='ocrx_word' id='word_1_10' title='bbox 1914 476 2173 521; x_wconf 87' lang='lat' dir='ltr'>Homines</span> <span class='ocrx_word' id='word_1_11' title='bbox 2200 476 2270 520; x_wconf 89' lang='lat' dir='ltr'>ad</span> <span class='ocrx_word' id='word_1_12' title='bbox 2293 475 2662 531; x_wconf 88' lang='lat' dir='ltr'>poenitentiam</span> 
     </span>
    </p>

    <p class='ocr_par' dir='ltr' id='par_1_3' title="bbox 460 535 2787 2024">
     <span class='ocr_line' id='line_1_3' title="bbox 461 535 2662 591; baseline -0.005 -3"><span class='ocrx_word' id='word_1_13' title='bbox 461 548 501 589; x_wconf 87' lang='grc' dir='ltr'>8ι</span> <span class='ocrx_word' id='word_1_14' title='bbox 530 542 923 588; x_wconf 92' lang='lat' dir='ltr'>inuocationem</span> <span class='ocrx_word' id='word_1_15' title='bbox 951 538 1180 582; x_wconf 88' lang='lat' dir='ltr'>nominis</span> <span class='ocrx_word' id='word_1_16' title='bbox 1209 538 1284 580; x_wconf 93' lang='lat' dir='ltr'>sui</span> <span class='ocrx_word' id='word_1_17' title='bbox 1310 537 1570 588; x_wconf 83' lang='lat' dir='ltr'><strong>hortatur,</strong></span> <span class='ocrx_word' id='word_1_18' title='bbox 1601 537 1642 579; x_wconf 75' lang='grc' dir='ltr'>δι</span> <span class='ocrx_word' id='word_1_19' title='bbox 1672 536 1798 591; x_wconf 90' lang='lat' dir='ltr'>quid</span> <span class='ocrx_word' id='word_1_20' title='bbox 1823 536 2130 580; x_wconf 90' lang='lat' dir='ltr'>faciendum</span> <span class='ocrx_word' id='word_1_21' title='bbox 2156 538 2248 578; x_wconf 90' lang='lat' dir='ltr'>aut</span> <span class='ocrx_word' id='word_1_22' title='bbox 2273 535 2575 579; x_wconf 90' lang='lat' dir='ltr'>cauendum</span> <span class='ocrx_word' id='word_1_23' title='bbox 2604 535 2662 578; x_wconf 84' lang='lat' dir='ltr'>lit</span> 
     </span>
     <span class='ocr_line' id='line_1_4' title="bbox 462 594 2664 654; baseline -0.005 -7"><span class='ocrx_word' id='word_1_24' title='bbox 462 604 727 652; x_wconf 84' lang='lat' dir='ltr'><strong>admonet,</strong></span> <span class='ocrx_word' id='word_1_25' title='bbox 758 609 1081 654; x_wconf 89' lang='lat' dir='ltr'>poenamque</span> <span class='ocrx_word' id='word_1_26' title='bbox 1110 596 1476 640; x_wconf 86' lang='lat' dir='ltr'>imminentem</span> <span class='ocrx_word' id='word_1_27' title='bbox 1506 595 1746 639; x_wconf 81' lang='lat' dir='ltr'>ostendit:</span> <span class='ocrx_word' id='word_1_28' title='bbox 1782 595 1985 639; x_wconf 88' lang='lat' dir='ltr'>Deinde</span> <span class='ocrx_word' id='word_1_29' title='bbox 2011 606 2136 638; x_wconf 92' lang='lat' dir='ltr'>cum</span> <span class='ocrx_word' id='word_1_30' title='bbox 2165 594 2283 638; x_wconf 83' lang='lat' dir='ltr'>haec</span> <span class='ocrx_word' id='word_1_31' title='bbox 2315 595 2516 639; x_wconf 90' lang='lat' dir='ltr'>ostenta</span> <span class='ocrx_word' id='word_1_32' title='bbox 2545 594 2664 637; x_wconf 92' lang='lat' dir='ltr'>suas</span> 
     </span>
     <span class='ocr_line' id='line_1_5' title="bbox 461 653 2665 710; baseline -0.005 -4"><span class='ocrx_word' id='word_1_33' title='bbox 461 664 622 707; x_wconf 91' lang='lat' dir='ltr'>etiam</span> <span class='ocrx_word' id='word_1_34' title='bbox 647 659 914 703; x_wconf 83' lang='lat' dir='ltr'>naturales</span> <span class='ocrx_word' id='word_1_35' title='bbox 940 657 1141 708; x_wconf 84' lang='lat' dir='ltr'>causas,</span> <span class='ocrx_word' id='word_1_36' title='bbox 1171 668 1203 698; x_wconf 90' lang='lat' dir='ltr'>a</span> <span class='ocrx_word' id='word_1_37' title='bbox 1229 655 1418 710; x_wconf 90' lang='lat' dir='ltr'>quibus</span> <span class='ocrx_word' id='word_1_38' title='bbox 1444 654 1756 706; x_wconf 86' lang='lat' dir='ltr'>excitantur,</span> <span class='ocrx_word' id='word_1_39' title='bbox 1784 654 2033 707; x_wconf 90' lang='lat' dir='ltr'>habeant,</span> <span class='ocrx_word' id='word_1_40' title='bbox 2061 653 2314 697; x_wconf 90' lang='lat' dir='ltr'>nimirum</span> <span class='ocrx_word' id='word_1_41' title='bbox 2339 653 2526 697; x_wconf 91' lang='lat' dir='ltr'>Stellas</span> <span class='ocrx_word' id='word_1_42' title='bbox 2550 656 2665 697; x_wconf 89' lang='lat' dir='ltr'>tam</span> 
     </span>
     <span class='ocr_line' id='line_1_6' title="bbox 461 713 2737 772; baseline -0.004 -7"><span class='ocrx_word' id='word_1_43' title='bbox 461 722 772 770; x_wconf 89' lang='lat' dir='ltr'>Inerrantes‚</span> <span class='ocrx_word' id='word_1_44' title='bbox 800 729 963 772; x_wconf 91' lang='lat' dir='ltr'>quam</span> <span class='ocrx_word' id='word_1_45' title='bbox 984 717 1244 766; x_wconf 89' lang='lat' dir='ltr'>Errantes,</span> <span class='ocrx_word' id='word_1_46' title='bbox 1271 715 1392 758; x_wconf 91' lang='lat' dir='ltr'>ideo</span> <span class='ocrx_word' id='word_1_47' title='bbox 1418 726 1526 758; x_wconf 91' lang='lat' dir='ltr'>non</span> <span class='ocrx_word' id='word_1_48' title='bbox 1547 714 1767 769; x_wconf 94' lang='lat' dir='ltr'>Corpori</span> <span class='ocrx_word' id='word_1_49' title='bbox 1789 714 1860 757; x_wconf 93' lang='lat' dir='ltr'>illi</span> <span class='ocrx_word' id='word_1_50' title='bbox 1880 725 1947 757; x_wconf 90' lang='lat' dir='ltr'>ex</span> <span class='ocrx_word' id='word_1_51' title='bbox 1965 713 2142 769; x_wconf 89' lang='lat' dir='ltr'>pingui</span> <span class='ocrx_word' id='word_1_52' title='bbox 2162 713 2500 757; x_wconf 84' lang='lat' dir='ltr'>exhalatione</span> <span class='ocrx_word' id='word_1_53' title='bbox 2519 715 2663 765; x_wconf 90' lang='lat' dir='ltr'>nato,</span> <span class='ocrx_word' id='word_1_54' title='bbox 2715 720 2737 755; x_wconf 89' lang='lat'><strong>5</strong></span> 
     </span>
     <span class='ocr_line' id='line_1_7' title="bbox 461 771 2667 829; baseline -0.004 -5"><span class='ocrx_word' id='word_1_55' title='bbox 461 781 548 824; x_wconf 91' lang='lat' dir='ltr'>sed</span> <span class='ocrx_word' id='word_1_56' title='bbox 562 778 729 822; x_wconf 92' lang='lat' dir='ltr'>Stellis</span> <span class='ocrx_word' id='word_1_57' title='bbox 743 778 795 819; x_wconf 91' lang='lat' dir='ltr'>in</span> <span class='ocrx_word' id='word_1_58' title='bbox 810 777 971 827; x_wconf 85' lang='lat' dir='ltr'>Coelo,</span> <span class='ocrx_word' id='word_1_59' title='bbox 994 787 1114 829; x_wconf 86' lang='lat' dir='ltr'>quae</span> <span class='ocrx_word' id='word_1_60' title='bbox 1136 773 1391 818; x_wconf 90' lang='lat' dir='ltr'>eiusmodi</span> <span class='ocrx_word' id='word_1_61' title='bbox 1410 773 1694 817; x_wconf 89' lang='lat' dir='ltr'>materiam</span> <span class='ocrx_word' id='word_1_62' title='bbox 1714 773 1767 816; x_wconf 91' lang='lat' dir='ltr'>in</span> <span class='ocrx_word' id='word_1_63' title='bbox 1780 774 1918 817; x_wconf 75' lang='lat' dir='ltr'>Aere</span> <span class='ocrx_word' id='word_1_64' title='bbox 1938 775 2333 824; x_wconf 91' lang='lat' dir='ltr'>contraxerunt,</span> <span class='ocrx_word' id='word_1_65' title='bbox 2356 773 2397 815; x_wconf 79' lang='grc' dir='ltr'>δι</span> <span class='ocrx_word' id='word_1_66' title='bbox 2416 771 2470 815; x_wconf 89' lang='lat' dir='ltr'>in</span> <span class='ocrx_word' id='word_1_67' title='bbox 2489 772 2667 816; x_wconf 91' lang='lat' dir='ltr'>nostra</span> 
     </span>
     <span class='ocr_line' id='line_1_8' title="bbox 462 831 2664 894; baseline -0.004 -12"><span class='ocrx_word' id='word_1_68' title='bbox 462 850 670 894; x_wconf 91' lang='lat' dir='ltr'>quoque</span> <span class='ocrx_word' id='word_1_69' title='bbox 683 837 918 890; x_wconf 89' lang='lat' dir='ltr'>Corpora</span> <span class='ocrx_word' id='word_1_70' title='bbox 930 835 971 877; x_wconf 69' lang='lat'>81</span> <span class='ocrx_word' id='word_1_71' title='bbox 982 846 1066 878; x_wconf 90' lang='lat' dir='ltr'>res</span> <span class='ocrx_word' id='word_1_72' title='bbox 1076 837 1315 877; x_wconf 90' lang='lat' dir='ltr'>terrenas</span> <span class='ocrx_word' id='word_1_73' title='bbox 1329 832 1626 876; x_wconf 84' lang='lat' dir='ltr'>maximam</span> <span class='ocrx_word' id='word_1_74' title='bbox 1642 832 1830 888; x_wconf 88' lang='lat' dir='ltr'>agendi</span> <span class='ocrx_word' id='word_1_75' title='bbox 1842 832 1955 876; x_wconf 92' lang='lat' dir='ltr'>uim</span> <span class='ocrx_word' id='word_1_76' title='bbox 1967 845 2000 876; x_wconf 92' lang='lat' dir='ltr'>a</span> <span class='ocrx_word' id='word_1_77' title='bbox 2010 832 2147 876; x_wconf 92' lang='lat' dir='ltr'>DEO</span> <span class='ocrx_word' id='word_1_78' title='bbox 2161 831 2383 875; x_wconf 89' lang='lat' dir='ltr'>inditam</span> <span class='ocrx_word' id='word_1_79' title='bbox 2397 831 2664 884; x_wconf 87' lang='lat' dir='ltr'>habentia,</span> 
     </span>
     <span class='ocr_line' id='line_1_9' title="bbox 462 890 2667 947; baseline -0.003 -6"><span class='ocrx_word' id='word_1_80' title='bbox 462 897 839 942; x_wconf 89' lang='lat' dir='ltr'>authoritatem</span> <span class='ocrx_word' id='word_1_81' title='bbox 861 895 1001 937; x_wconf 92' lang='lat' dir='ltr'>hanc</span> <span class='ocrx_word' id='word_1_82' title='bbox 1023 893 1362 936; x_wconf 90' lang='lat' dir='ltr'>tribuendam</span> <span class='ocrx_word' id='word_1_83' title='bbox 1383 892 1587 936; x_wconf 90' lang='lat' dir='ltr'>censeo.</span> <span class='ocrx_word' id='word_1_84' title='bbox 1614 892 1884 947; x_wconf 86' lang='lat' dir='ltr'>Praecipue</span> <span class='ocrx_word' id='word_1_85' title='bbox 1905 895 2086 935; x_wconf 92' lang='lat' dir='ltr'>autem</span> <span class='ocrx_word' id='word_1_86' title='bbox 2105 891 2191 935; x_wconf 91' lang='lat' dir='ltr'>hic</span> <span class='ocrx_word' id='word_1_87' title='bbox 2213 891 2449 943; x_wconf 91' lang='lat' dir='ltr'>Cometa,</span> <span class='ocrx_word' id='word_1_88' title='bbox 2478 890 2667 945; x_wconf 91' lang='lat' dir='ltr'>quibus</span> 
     </span>
     <span class='ocr_line' id='line_1_10' title="bbox 460 950 2669 1008; baseline -0.004 -7"><span class='ocrx_word' id='word_1_89' title='bbox 460 955 724 1001; x_wconf 89' lang='lat' dir='ltr'>uerticalis</span> <span class='ocrx_word' id='word_1_90' title='bbox 739 954 919 1006; x_wconf 83' lang='lat' dir='ltr'>existit,</span> <span class='ocrx_word' id='word_1_91' title='bbox 930 953 1122 1008; x_wconf 93' lang='lat' dir='ltr'>quique</span> <span class='ocrx_word' id='word_1_92' title='bbox 1135 952 1208 995; x_wconf 90' lang='lat' dir='ltr'>illi</span> <span class='ocrx_word' id='word_1_93' title='bbox 1222 952 1393 1007; x_wconf 90' lang='lat' dir='ltr'>Signo,</span> <span class='ocrx_word' id='word_1_94' title='bbox 1409 951 1462 995; x_wconf 92' lang='lat' dir='ltr'>in</span> <span class='ocrx_word' id='word_1_95' title='bbox 1474 963 1580 1006; x_wconf 94' lang='lat' dir='ltr'>quo</span> <span class='ocrx_word' id='word_1_96' title='bbox 1593 954 1830 1007; x_wconf 91' lang='lat' dir='ltr'>apparet,</span> <span class='ocrx_word' id='word_1_97' title='bbox 1847 950 2073 1004; x_wconf 75' lang='lat' dir='ltr'>subiecsti,</span> <span class='ocrx_word' id='word_1_98' title='bbox 2089 950 2436 994; x_wconf 89' lang='lat' dir='ltr'>incommoda</span> <span class='ocrx_word' id='word_1_99' title='bbox 2450 950 2669 994; x_wconf 89' lang='lat' dir='ltr'>damna-</span> 
     </span>
     <span class='ocr_line' id='line_1_11' title="bbox 462 1009 2763 1072; baseline -0.003 -14"><span class='ocrx_word' id='word_1_100' title='bbox 462 1028 563 1072; x_wconf 94' lang='lat' dir='ltr'>que</span> <span class='ocrx_word' id='word_1_101' title='bbox 590 1018 747 1069; x_wconf 91' lang='lat' dir='ltr'>atque</span> <span class='ocrx_word' id='word_1_102' title='bbox 774 1013 1049 1057; x_wconf 91' lang='lat' dir='ltr'>seditiones</span> <span class='ocrx_word' id='word_1_103' title='bbox 1075 1012 1385 1055; x_wconf 90' lang='lat' dir='ltr'>denuntiare</span> <span class='ocrx_word' id='word_1_104' title='bbox 1404 1011 1627 1055; x_wconf 89' lang='lat' dir='ltr'>uidetur.</span> <span class='ocrx_word' id='word_1_105' title='bbox 1657 1011 1895 1066; x_wconf 89' lang='lat' dir='ltr'>Cumque</span> <span class='ocrx_word' id='word_1_106' title='bbox 1915 1010 1968 1054; x_wconf 90' lang='lat' dir='ltr'>in</span> <span class='ocrx_word' id='word_1_107' title='bbox 1986 1011 2160 1054; x_wconf 90' lang='lat' dir='ltr'>Tauro</span> <span class='ocrx_word' id='word_1_108' title='bbox 2181 1010 2352 1062; x_wconf 89' lang='lat' dir='ltr'>Fixus,</span> <span class='ocrx_word' id='word_1_109' title='bbox 2378 1009 2484 1053; x_wconf 93' lang='lat' dir='ltr'>huc</span> <span class='ocrx_word' id='word_1_110' title='bbox 2504 1009 2667 1064; x_wconf 91' lang='lat' dir='ltr'>usque</span> <span class='ocrx_word' id='word_1_111' title='bbox 2720 1016 2763 1051; x_wconf 86' lang='grc' dir='ltr'>ιο</span> 
     </span>
     <span class='ocr_line' id='line_1_12' title="bbox 462 1068 2667 1130; baseline -0.003 -11"><span class='ocrx_word' id='word_1_112' title='bbox 462 1079 619 1130; x_wconf 91' lang='lat' dir='ltr'>atque</span> <span class='ocrx_word' id='word_1_113' title='bbox 633 1072 936 1124; x_wconf 90' lang='lat' dir='ltr'>immobilis,</span> <span class='ocrx_word' id='word_1_114' title='bbox 957 1072 1010 1115; x_wconf 93' lang='lat' dir='ltr'>in</span> <span class='ocrx_word' id='word_1_115' title='bbox 1024 1083 1088 1115; x_wconf 94' lang='lat' dir='ltr'>eo</span> <span class='ocrx_word' id='word_1_116' title='bbox 1103 1071 1212 1126; x_wconf 91' lang='lat' dir='ltr'>ipso</span> <span class='ocrx_word' id='word_1_117' title='bbox 1228 1070 1356 1114; x_wconf 90' lang='lat' dir='ltr'>Coeli</span> <span class='ocrx_word' id='word_1_118' title='bbox 1368 1071 1507 1123; x_wconf 92' lang='lat' dir='ltr'>loco,</span> <span class='ocrx_word' id='word_1_119' title='bbox 1528 1070 1582 1113; x_wconf 92' lang='lat' dir='ltr'>in</span> <span class='ocrx_word' id='word_1_120' title='bbox 1597 1082 1702 1125; x_wconf 94' lang='lat' dir='ltr'>quo</span> <span class='ocrx_word' id='word_1_121' title='bbox 1716 1070 1950 1126; x_wconf 91' lang='lat' dir='ltr'>primum</span> <span class='ocrx_word' id='word_1_122' title='bbox 1964 1068 2274 1125; x_wconf 64' lang='lat' dir='ltr'>conspectus</span> <span class='ocrx_word' id='word_1_123' title='bbox 2288 1069 2375 1122; x_wconf 91' lang='lat' dir='ltr'>est,</span> <span class='ocrx_word' id='word_1_124' title='bbox 2392 1070 2433 1113; x_wconf 80' lang='lat'>81</span> <span class='ocrx_word' id='word_1_125' title='bbox 2446 1069 2667 1121; x_wconf 81' lang='lat' dir='ltr'>haereat,</span> 
     </span>
     <span class='ocr_line' id='line_1_13' title="bbox 462 1128 2669 1187; baseline -0.003 -10"><span class='ocrx_word' id='word_1_126' title='bbox 462 1135 656 1185; x_wconf 90' lang='lat' dir='ltr'>dicunt,</span> <span class='ocrx_word' id='word_1_127' title='bbox 685 1132 772 1187; x_wconf 92' lang='lat' dir='ltr'>qui</span> <span class='ocrx_word' id='word_1_128' title='bbox 797 1132 949 1175; x_wconf 88' lang='lat' dir='ltr'>istam</span> <span class='ocrx_word' id='word_1_129' title='bbox 976 1130 1262 1175; x_wconf 88' lang='lat' dir='ltr'>Scientiam</span> <span class='ocrx_word' id='word_1_130' title='bbox 1288 1130 1617 1185; x_wconf 88' lang='lat' dir='ltr'>profitentur,</span> <span class='ocrx_word' id='word_1_131' title='bbox 1645 1129 2150 1185; x_wconf 76' lang='lat' dir='ltr'>septentrionalibus</span> <span class='ocrx_word' id='word_1_132' title='bbox 2173 1130 2214 1172; x_wconf 77' lang='lat'>81</span> <span class='ocrx_word' id='word_1_133' title='bbox 2238 1128 2669 1172; x_wconf 84' lang='lat' dir='ltr'>occidentalibus</span> 
     </span>
     <span class='ocr_line' id='line_1_14' title="bbox 461 1185 2787 1249; baseline -0.003 -12"><span class='ocrx_word' id='word_1_134' title='bbox 461 1194 778 1249; x_wconf 85' lang='lat' dir='ltr'>potissimum</span> <span class='ocrx_word' id='word_1_135' title='bbox 803 1190 1030 1246; x_wconf 90' lang='lat' dir='ltr'>Populis:</span> <span class='ocrx_word' id='word_1_136' title='bbox 1063 1190 1266 1234; x_wconf 89' lang='lat' dir='ltr'>Deinde</span> <span class='ocrx_word' id='word_1_137' title='bbox 1293 1189 1598 1242; x_wconf 86' lang='lat' dir='ltr'>Moscouiae‚</span> <span class='ocrx_word' id='word_1_138' title='bbox 1630 1190 1822 1245; x_wconf 88' lang='lat' dir='ltr'>Cypro,</span> <span class='ocrx_word' id='word_1_139' title='bbox 1851 1188 2083 1233; x_wconf 84' lang='lat' dir='ltr'>Poloniae</span> <span class='ocrx_word' id='word_1_140' title='bbox 2105 1188 2313 1240; x_wconf 90' lang='lat' dir='ltr'>maiori,</span> <span class='ocrx_word' id='word_1_141' title='bbox 2340 1185 2362 1247; x_wconf 84' lang='grc' dir='ltr'>ΙΙ</span> <span class='ocrx_word' id='word_1_142' title='bbox 2389 1187 2666 1240; x_wconf 83' lang='lat' dir='ltr'>Heluetiae,</span> <span class='ocrx_word' id='word_1_143' title='bbox 2699 1185 2787 1230; x_wconf 87' lang='grc'>538</span> 
     </span>
     <span class='ocr_line' id='line_1_15' title="bbox 463 1247 2670 1307; baseline -0.003 -11"><span class='ocrx_word' id='word_1_144' title='bbox 463 1251 835 1307; x_wconf 86' lang='lat' dir='ltr'>Lotharmgiae,</span> <span class='ocrx_word' id='word_1_145' title='bbox 852 1251 893 1293; x_wconf 77' lang='lat'>81</span> <span class='ocrx_word' id='word_1_146' title='bbox 908 1251 943 1293; x_wconf 86' lang='lat' dir='ltr'>fi</span> <span class='ocrx_word' id='word_1_147' title='bbox 959 1263 1080 1305; x_wconf 87' lang='lat' dir='ltr'>quae</span> <span class='ocrx_word' id='word_1_148' title='bbox 1094 1249 1218 1293; x_wconf 89' lang='lat' dir='ltr'>huic</span> <span class='ocrx_word' id='word_1_149' title='bbox 1230 1249 1386 1304; x_wconf 92' lang='lat' dir='ltr'>Signo</span> <span class='ocrx_word' id='word_1_150' title='bbox 1402 1248 1647 1293; x_wconf 72' lang='lat' dir='ltr'>subiedtae</span> <span class='ocrx_word' id='word_1_151' title='bbox 1659 1249 1789 1301; x_wconf 93' lang='lat' dir='ltr'>sunt,</span> <span class='ocrx_word' id='word_1_152' title='bbox 1803 1248 2111 1292; x_wconf 91' lang='lat' dir='ltr'>Ciuitatibus</span> <span class='ocrx_word' id='word_1_153' title='bbox 2123 1248 2348 1302; x_wconf 90' lang='lat' dir='ltr'>denique</span> <span class='ocrx_word' id='word_1_154' title='bbox 2361 1247 2670 1291; x_wconf 89' lang='lat' dir='ltr'>Christiano-</span> 
     </span>
     <span class='ocr_line' id='line_1_16' title="bbox 463 1306 2764 1363; baseline -0.003 -8"><span class='ocrx_word' id='word_1_155' title='bbox 463 1326 582 1357; x_wconf 88' lang='lat' dir='ltr'>rum</span> <span class='ocrx_word' id='word_1_156' title='bbox 600 1311 806 1355; x_wconf 90' lang='lat' dir='ltr'>excidia</span> <span class='ocrx_word' id='word_1_157' title='bbox 822 1310 1029 1353; x_wconf 86' lang='lat' dir='ltr'>minari.</span> <span class='ocrx_word' id='word_1_158' title='bbox 1053 1309 1273 1353; x_wconf 89' lang='lat' dir='ltr'>Hostem</span> <span class='ocrx_word' id='word_1_159' title='bbox 1288 1320 1499 1363; x_wconf 92' lang='lat' dir='ltr'>quoque</span> <span class='ocrx_word' id='word_1_160' title='bbox 1512 1320 1621 1352; x_wconf 92' lang='lat' dir='ltr'>non</span> <span class='ocrx_word' id='word_1_161' title='bbox 1636 1308 1861 1361; x_wconf 89' lang='lat' dir='ltr'>aliunde,</span> <span class='ocrx_word' id='word_1_162' title='bbox 1884 1308 1972 1351; x_wconf 92' lang='lat' dir='ltr'>sed</span> <span class='ocrx_word' id='word_1_163' title='bbox 1984 1308 2038 1351; x_wconf 92' lang='lat' dir='ltr'>in</span> <span class='ocrx_word' id='word_1_164' title='bbox 2052 1308 2244 1351; x_wconf 90' lang='lat' dir='ltr'>eadem</span> <span class='ocrx_word' id='word_1_165' title='bbox 2259 1306 2498 1363; x_wconf 87' lang='lat' dir='ltr'>Regione,</span> <span class='ocrx_word' id='word_1_166' title='bbox 2519 1306 2670 1350; x_wconf 87' lang='lat' dir='ltr'>finiti·</span> <span class='ocrx_word' id='word_1_167' title='bbox 2722 1313 2764 1348; x_wconf 88' lang='lat'>15</span> 
     </span>
     <span class='ocr_line' id='line_1_17' title="bbox 463 1365 2670 1427; baseline -0.003 -11"><span class='ocrx_word' id='word_1_168' title='bbox 463 1373 662 1427; x_wconf 91' lang='lat' dir='ltr'>misque</span> <span class='ocrx_word' id='word_1_169' title='bbox 690 1370 821 1415; x_wconf 91' lang='lat' dir='ltr'>locis</span> <span class='ocrx_word' id='word_1_170' title='bbox 850 1370 1047 1413; x_wconf 91' lang='lat' dir='ltr'>bellum</span> <span class='ocrx_word' id='word_1_171' title='bbox 1076 1368 1420 1413; x_wconf 87' lang='lat' dir='ltr'>exoriturum.</span> <span class='ocrx_word' id='word_1_172' title='bbox 1455 1368 1657 1420; x_wconf 90' lang='lat' dir='ltr'>Quibus</span> <span class='ocrx_word' id='word_1_173' title='bbox 1686 1379 1715 1411; x_wconf 93' lang='lat' dir='ltr'>e</span> <span class='ocrx_word' id='word_1_174' title='bbox 1744 1368 1903 1412; x_wconf 93' lang='lat' dir='ltr'>rebus</span> <span class='ocrx_word' id='word_1_175' title='bbox 1935 1368 2040 1412; x_wconf 92' lang='lat' dir='ltr'>hoc</span> <span class='ocrx_word' id='word_1_176' title='bbox 2070 1378 2282 1422; x_wconf 92' lang='lat' dir='ltr'>quoque</span> <span class='ocrx_word' id='word_1_177' title='bbox 2311 1365 2670 1422; x_wconf 90' lang='lat' dir='ltr'>argumentari</span> 
     </span>
     <span class='ocr_line' id='line_1_18' title="bbox 461 1426 2670 1483; baseline -0.003 -7"><span class='ocrx_word' id='word_1_178' title='bbox 461 1433 597 1483; x_wconf 93' lang='lat' dir='ltr'>licet,</span> <span class='ocrx_word' id='word_1_179' title='bbox 626 1443 752 1474; x_wconf 92' lang='lat' dir='ltr'>cum</span> <span class='ocrx_word' id='word_1_180' title='bbox 777 1430 861 1473; x_wconf 89' lang='lat' dir='ltr'>ille</span> <span class='ocrx_word' id='word_1_181' title='bbox 888 1429 937 1472; x_wconf 90' lang='lat' dir='ltr'>se</span> <span class='ocrx_word' id='word_1_182' title='bbox 965 1428 1053 1472; x_wconf 91' lang='lat' dir='ltr'>diu</span> <span class='ocrx_word' id='word_1_183' title='bbox 1077 1428 1189 1472; x_wconf 92' lang='lat' dir='ltr'>iam</span> <span class='ocrx_word' id='word_1_184' title='bbox 1208 1428 1638 1483; x_wconf 93' lang='lat' dir='ltr'>conspiciendum</span> <span class='ocrx_word' id='word_1_185' title='bbox 1657 1427 1960 1483; x_wconf 86' lang='lat' dir='ltr'>praebuerit,</span> <span class='ocrx_word' id='word_1_186' title='bbox 1987 1426 2431 1478; x_wconf 84' lang='lat' dir='ltr'>uehementioreS,</span> <span class='ocrx_word' id='word_1_187' title='bbox 2459 1426 2500 1469; x_wconf 82' lang='lat'>81</span> <span class='ocrx_word' id='word_1_188' title='bbox 2526 1426 2670 1480; x_wconf 81' lang='lat' dir='ltr'>quali</span> 
     </span>
     <span class='ocr_line' id='line_1_19' title="bbox 463 1484 2672 1535; baseline -0.003 -1"><span class='ocrx_word' id='word_1_189' title='bbox 463 1490 814 1535; x_wconf 88' lang='lat' dir='ltr'>diuturniores</span> <span class='ocrx_word' id='word_1_190' title='bbox 835 1487 1054 1532; x_wconf 77' lang='lat' dir='ltr'>effectus</span> <span class='ocrx_word' id='word_1_191' title='bbox 1075 1488 1142 1531; x_wconf 93' lang='lat' dir='ltr'>ab</span> <span class='ocrx_word' id='word_1_192' title='bbox 1161 1500 1226 1532; x_wconf 94' lang='lat' dir='ltr'>eo</span> <span class='ocrx_word' id='word_1_193' title='bbox 1245 1487 1466 1532; x_wconf 91' lang='lat' dir='ltr'>moueri.</span> <span class='ocrx_word' id='word_1_194' title='bbox 1491 1487 1788 1531; x_wconf 92' lang='lat' dir='ltr'>Misericors</span> <span class='ocrx_word' id='word_1_195' title='bbox 1802 1487 1946 1531; x_wconf 92' lang='lat' dir='ltr'>Deus</span> <span class='ocrx_word' id='word_1_196' title='bbox 1959 1487 2111 1530; x_wconf 89' lang='lat' dir='ltr'>Pater</span> <span class='ocrx_word' id='word_1_197' title='bbox 2124 1485 2340 1530; x_wconf 92' lang='lat' dir='ltr'>Domini</span> <span class='ocrx_word' id='word_1_198' title='bbox 2353 1484 2511 1529; x_wconf 83' lang='lat' dir='ltr'>nostri</span> <span class='ocrx_word' id='word_1_199' title='bbox 2524 1484 2672 1528; x_wconf 91' lang='lat' dir='ltr'>IESV</span> 
     </span>
     <span class='ocr_line' id='line_1_20' title="bbox 464 1543 2670 1601; baseline -0.002 -8"><span class='ocrx_word' id='word_1_200' title='bbox 464 1550 720 1595; x_wconf 91' lang='lat' dir='ltr'>CHRISTI</span> <span class='ocrx_word' id='word_1_201' title='bbox 742 1549 985 1592; x_wconf 84' lang='lat' dir='ltr'>Ecclefiae</span> <span class='ocrx_word' id='word_1_202' title='bbox 1006 1548 1112 1591; x_wconf 84' lang='lat' dir='ltr'>suae</span> <span class='ocrx_word' id='word_1_203' title='bbox 1134 1548 1458 1600; x_wconf 90' lang='lat' dir='ltr'>misereatur,</span> <span class='ocrx_word' id='word_1_204' title='bbox 1486 1559 1714 1601; x_wconf 88' lang='lat' dir='ltr'>eamque</span> <span class='ocrx_word' id='word_1_205' title='bbox 1734 1547 1787 1590; x_wconf 91' lang='lat' dir='ltr'>in</span> <span class='ocrx_word' id='word_1_206' title='bbox 1805 1547 1910 1590; x_wconf 91' lang='lat' dir='ltr'>hac</span> <span class='ocrx_word' id='word_1_207' title='bbox 1930 1546 2120 1590; x_wconf 91' lang='lat' dir='ltr'>ultima</span> <span class='ocrx_word' id='word_1_208' title='bbox 2140 1545 2326 1589; x_wconf 91' lang='lat' dir='ltr'>Mundi</span> <span class='ocrx_word' id='word_1_209' title='bbox 2351 1543 2574 1597; x_wconf 73' lang='lat' dir='ltr'>senecta,</span> <span class='ocrx_word' id='word_1_210' title='bbox 2602 1544 2670 1588; x_wconf 90' lang='lat' dir='ltr'>ab</span> 
     </span>
     <span class='ocr_line' id='line_1_21' title="bbox 462 1604 2768 1662; baseline -0.003 -9"><span class='ocrx_word' id='word_1_211' title='bbox 462 1609 857 1654; x_wconf 90' lang='lat' dir='ltr'>imminentibus</span> <span class='ocrx_word' id='word_1_212' title='bbox 876 1608 958 1651; x_wconf 91' lang='lat' dir='ltr'>his</span> <span class='ocrx_word' id='word_1_213' title='bbox 978 1607 1228 1651; x_wconf 91' lang='lat' dir='ltr'>maximis</span> <span class='ocrx_word' id='word_1_214' title='bbox 1247 1606 1508 1662; x_wconf 90' lang='lat' dir='ltr'>periculis,</span> <span class='ocrx_word' id='word_1_215' title='bbox 1531 1607 1573 1649; x_wconf 78' lang='grc' dir='ltr'>δι</span> <span class='ocrx_word' id='word_1_216' title='bbox 1593 1607 1735 1650; x_wconf 85' lang='lat' dir='ltr'>saeua</span> <span class='ocrx_word' id='word_1_217' title='bbox 1757 1617 1820 1650; x_wconf 91' lang='lat' dir='ltr'>ac</span> <span class='ocrx_word' id='word_1_218' title='bbox 1840 1605 2063 1649; x_wconf 89' lang='lat' dir='ltr'>immani</span> <span class='ocrx_word' id='word_1_219' title='bbox 2077 1604 2289 1649; x_wconf 91' lang='lat' dir='ltr'>Diaboli</span> <span class='ocrx_word' id='word_1_220' title='bbox 2306 1607 2465 1659; x_wconf 92' lang='lat' dir='ltr'>atque</span> <span class='ocrx_word' id='word_1_221' title='bbox 2477 1604 2673 1659; x_wconf 87' lang='lat' dir='ltr'>Tyran-</span> <span class='ocrx_word' id='word_1_222' title='bbox 2721 1610 2768 1645; x_wconf 88' lang='lat'>20</span> 
     </span>
     <span class='ocr_line' id='line_1_22' title="bbox 464 1663 2671 1723; baseline -0.002 -10"><span class='ocrx_word' id='word_1_223' title='bbox 464 1682 656 1714; x_wconf 89' lang='lat' dir='ltr'>norum</span> <span class='ocrx_word' id='word_1_224' title='bbox 670 1668 834 1720; x_wconf 90' lang='lat' dir='ltr'>rabie,</span> <span class='ocrx_word' id='word_1_225' title='bbox 850 1667 1092 1711; x_wconf 91' lang='lat' dir='ltr'>nefandis</span> <span class='ocrx_word' id='word_1_226' title='bbox 1106 1666 1416 1723; x_wconf 87' lang='lat' dir='ltr'>parricidijs,</span> <span class='ocrx_word' id='word_1_227' title='bbox 1432 1666 1736 1722; x_wconf 90' lang='lat' dir='ltr'>latrocinijs,</span> <span class='ocrx_word' id='word_1_228' title='bbox 1752 1665 2059 1721; x_wconf 89' lang='lat' dir='ltr'>mendacijs,</span> <span class='ocrx_word' id='word_1_229' title='bbox 2076 1666 2118 1708; x_wconf 76' lang='lat'>81</span> <span class='ocrx_word' id='word_1_230' title='bbox 2132 1664 2279 1709; x_wconf 92' lang='lat' dir='ltr'>omni</span> <span class='ocrx_word' id='word_1_231' title='bbox 2289 1663 2516 1718; x_wconf 90' lang='lat' dir='ltr'>denique</span> <span class='ocrx_word' id='word_1_232' title='bbox 2527 1664 2671 1708; x_wconf 89' lang='lat' dir='ltr'>malo</span> 
     </span>
     <span class='ocr_line' id='line_1_23' title="bbox 465 1724 2674 1782; baseline -0.003 -10"><span class='ocrx_word' id='word_1_233' title='bbox 465 1730 664 1781; x_wconf 89' lang='lat' dir='ltr'>liberet,</span> <span class='ocrx_word' id='word_1_234' title='bbox 686 1729 727 1771; x_wconf 86' lang='grc' dir='ltr'>8ι</span> <span class='ocrx_word' id='word_1_235' title='bbox 747 1728 800 1771; x_wconf 93' lang='lat' dir='ltr'>in</span> <span class='ocrx_word' id='word_1_236' title='bbox 818 1730 970 1771; x_wconf 86' lang='lat' dir='ltr'>utero</span> <span class='ocrx_word' id='word_1_237' title='bbox 992 1728 1033 1770; x_wconf 76' lang='lat'>81</span> <span class='ocrx_word' id='word_1_238' title='bbox 1053 1726 1254 1782; x_wconf 91' lang='lat' dir='ltr'>gremio</span> <span class='ocrx_word' id='word_1_239' title='bbox 1275 1727 1382 1778; x_wconf 93' lang='lat' dir='ltr'>suo,</span> <span class='ocrx_word' id='word_1_240' title='bbox 1411 1726 1870 1781; x_wconf 90' lang='lat' dir='ltr'>quemadmodum</span> <span class='ocrx_word' id='word_1_241' title='bbox 1890 1724 2142 1780; x_wconf 84' lang='lat' dir='ltr'>promisit,</span> <span class='ocrx_word' id='word_1_242' title='bbox 2170 1724 2342 1780; x_wconf 85' lang='lat' dir='ltr'>gestet,</span> <span class='ocrx_word' id='word_1_243' title='bbox 2371 1726 2530 1778; x_wconf 90' lang='lat' dir='ltr'>atque</span> <span class='ocrx_word' id='word_1_244' title='bbox 2554 1734 2674 1778; x_wconf 93' lang='lat' dir='ltr'>pro-</span> 
     </span>
     <span class='ocr_line' id='line_1_24' title="bbox 463 1782 2673 1844; baseline -0.003 -12"><span class='ocrx_word' id='word_1_245' title='bbox 463 1792 619 1844; x_wconf 90' lang='lat' dir='ltr'>tegat.</span> <span class='ocrx_word' id='word_1_246' title='bbox 650 1788 745 1831; x_wconf 92' lang='lat' dir='ltr'>His</span> <span class='ocrx_word' id='word_1_247' title='bbox 772 1799 868 1842; x_wconf 87' lang='lat' dir='ltr'>ego</span> <span class='ocrx_word' id='word_1_248' title='bbox 895 1787 1060 1830; x_wconf 89' lang='lat' dir='ltr'>finem</span> <span class='ocrx_word' id='word_1_249' title='bbox 1086 1786 1345 1830; x_wconf 92' lang='lat' dir='ltr'>scribendi</span> <span class='ocrx_word' id='word_1_250' title='bbox 1362 1785 1578 1838; x_wconf 85' lang='lat' dir='ltr'>faciam,</span> <span class='ocrx_word' id='word_1_251' title='bbox 1605 1788 1764 1840; x_wconf 89' lang='lat' dir='ltr'>teque</span> <span class='ocrx_word' id='word_1_252' title='bbox 1783 1785 2130 1828; x_wconf 90' lang='lat' dir='ltr'>uehementer</span> <span class='ocrx_word' id='word_1_253' title='bbox 2149 1783 2312 1828; x_wconf 91' lang='lat' dir='ltr'>etiam</span> <span class='ocrx_word' id='word_1_254' title='bbox 2332 1785 2492 1838; x_wconf 91' lang='lat' dir='ltr'>atque</span> <span class='ocrx_word' id='word_1_255' title='bbox 2512 1782 2673 1826; x_wconf 90' lang='lat' dir='ltr'>etiam</span> 
     </span>
     <span class='ocr_line' id='line_1_25' title="bbox 465 1841 2676 1903; baseline -0.003 -12"><span class='ocrx_word' id='word_1_256' title='bbox 465 1848 682 1903; x_wconf 89' lang='lat' dir='ltr'>rogabo,</span> <span class='ocrx_word' id='word_1_257' title='bbox 704 1850 761 1890; x_wconf 95' lang='lat' dir='ltr'>ut</span> <span class='ocrx_word' id='word_1_258' title='bbox 780 1847 900 1890; x_wconf 88' lang='lat' dir='ltr'>haec</span> <span class='ocrx_word' id='word_1_259' title='bbox 922 1859 954 1889; x_wconf 93' lang='lat' dir='ltr'>a</span> <span class='ocrx_word' id='word_1_260' title='bbox 974 1858 1061 1890; x_wconf 92' lang='lat' dir='ltr'>me</span> <span class='ocrx_word' id='word_1_261' title='bbox 1082 1846 1323 1890; x_wconf 92' lang='lat' dir='ltr'>oratione</span> <span class='ocrx_word' id='word_1_262' title='bbox 1343 1845 1564 1889; x_wconf 91' lang='lat' dir='ltr'>minime</span> <span class='ocrx_word' id='word_1_263' title='bbox 1583 1845 1784 1898; x_wconf 90' lang='lat' dir='ltr'>limata,</span> <span class='ocrx_word' id='word_1_264' title='bbox 1804 1844 2042 1900; x_wconf 90' lang='lat' dir='ltr'>pluribus</span> <span class='ocrx_word' id='word_1_265' title='bbox 2059 1843 2223 1887; x_wconf 90' lang='lat' dir='ltr'>etiam</span> <span class='ocrx_word' id='word_1_266' title='bbox 2237 1854 2401 1899; x_wconf 91' lang='lat' dir='ltr'>quam</span> <span class='ocrx_word' id='word_1_267' title='bbox 2414 1841 2544 1886; x_wconf 90' lang='lat' dir='ltr'>mihi</span> <span class='ocrx_word' id='word_1_268' title='bbox 2557 1853 2676 1898; x_wconf 93' lang='lat' dir='ltr'>pro-</span> 
     </span>
     <span class='ocr_line' id='line_1_26' title="bbox 466 1901 2770 1964; baseline -0.003 -13"><span class='ocrx_word' id='word_1_269' title='bbox 466 1909 692 1964; x_wconf 87' lang='lat' dir='ltr'>positum</span> <span class='ocrx_word' id='word_1_270' title='bbox 719 1909 848 1959; x_wconf 92' lang='lat' dir='ltr'>erat,</span> <span class='ocrx_word' id='word_1_271' title='bbox 874 1906 1052 1950; x_wconf 90' lang='lat' dir='ltr'>uerbis</span> <span class='ocrx_word' id='word_1_272' title='bbox 1079 1906 1285 1961; x_wconf 91' lang='lat' dir='ltr'>scripta,</span> <span class='ocrx_word' id='word_1_273' title='bbox 1314 1904 1440 1948; x_wconf 92' lang='lat' dir='ltr'>boni</span> <span class='ocrx_word' id='word_1_274' title='bbox 1465 1905 1711 1960; x_wconf 77' lang='lat' dir='ltr'>aequique</span> <span class='ocrx_word' id='word_1_275' title='bbox 1738 1904 1996 1956; x_wconf 92' lang='lat' dir='ltr'>consulas,</span> <span class='ocrx_word' id='word_1_276' title='bbox 2023 1915 2216 1958; x_wconf 90' lang='lat' dir='ltr'>meque</span> <span class='ocrx_word' id='word_1_277' title='bbox 2244 1902 2387 1958; x_wconf 92' lang='lat' dir='ltr'>quod</span> <span class='ocrx_word' id='word_1_278' title='bbox 2409 1901 2543 1945; x_wconf 88' lang='lat' dir='ltr'>facis</span> <span class='ocrx_word' id='word_1_279' title='bbox 2561 1913 2675 1957; x_wconf 91' lang='lat' dir='ltr'>per·</span> <span class='ocrx_word' id='word_1_280' title='bbox 2723 1908 2770 1944; x_wconf 84' lang='lat'>2⁵</span> 
     </span>
     <span class='ocr_line' id='line_1_27' title="bbox 467 1961 2603 2024; baseline -0.003 -13"><span class='ocrx_word' id='word_1_281' title='bbox 467 1970 626 2024; x_wconf 91' lang='lat' dir='ltr'>petuo</span> <span class='ocrx_word' id='word_1_282' title='bbox 649 1978 832 2010; x_wconf 88' lang='lat' dir='ltr'>amare</span> <span class='ocrx_word' id='word_1_283' title='bbox 852 1977 1055 2022; x_wconf 86' lang='lat' dir='ltr'>pergas.</span> <span class='ocrx_word' id='word_1_284' title='bbox 1079 1966 1358 2010; x_wconf 91' lang='lat' dir='ltr'>Dabantur</span> <span class='ocrx_word' id='word_1_285' title='bbox 1376 1964 1620 2021; x_wconf 83' lang='lat' dir='ltr'>Augustae</span> <span class='ocrx_word' id='word_1_286' title='bbox 1641 1976 1707 2008; x_wconf 93' lang='lat' dir='ltr'>ex</span> <span class='ocrx_word' id='word_1_287' title='bbox 1727 1963 1933 2008; x_wconf 85' lang='lat' dir='ltr'>aedibus</span> <span class='ocrx_word' id='word_1_288' title='bbox 1957 1963 2011 2007; x_wconf 88' lang='lat'>19</span> <span class='ocrx_word' id='word_1_289' title='bbox 2031 1962 2275 2019; x_wconf 86' lang='lat' dir='ltr'>Ianuarij,</span> <span class='ocrx_word' id='word_1_290' title='bbox 2297 1963 2451 2006; x_wconf 87' lang='lat' dir='ltr'>Anno</span> <span class='ocrx_word' id='word_1_291' title='bbox 2476 1961 2603 2005; x_wconf 90' lang='grc'><strong>1573.</strong></span> 
     </span>
    </p>
   </div>
   <div class='ocr_carea' id='block_1_3' title="bbox 1670 2034 2531 2149">
    <p class='ocr_par' dir='ltr' id='par_1_4' title="bbox 1670 2034 2531 2149">
     <span class='ocr_line' id='line_1_28' title="bbox 1670 2034 2176 2079; baseline -0.002 0"><span class='ocrx_word' id='word_1_292' title='bbox 1670 2035 1765 2079; x_wconf 92' lang='lat' dir='ltr'>Tui</span> <span class='ocrx_word' id='word_1_293' title='bbox 1783 2034 2176 2079; x_wconf 87' lang='lat' dir='ltr'>Amantissimus</span> 
     </span>
     <span class='ocr_line' id='line_1_29' title="bbox 1976 2105 2531 2149; baseline 0 0"><span class='ocrx_word' id='word_1_294' title='bbox 1976 2107 2175 2149; x_wconf 81' lang='lat' dir='ltr'>PAVLVS</span> <span class='ocrx_word' id='word_1_295' title='bbox 2197 2105 2531 2149; x_wconf 78' lang='lat' dir='ltr'>HA1N2EL1vs.</span> 
     </span>
    </p>
   </div>
   <div class='ocr_carea' id='block_1_4' title="bbox 471 2262 2776 3328">
    <p class='ocr_par' dir='ltr' id='par_1_5' title="bbox 471 2262 2772 2688">
     <span class='ocr_line' id='line_1_30' title="bbox 541 2262 2676 2329; baseline -0.002 -10"><span class='ocrx_word' id='word_1_296' title='bbox 541 2267 660 2319; x_wconf 86' lang='lat' dir='ltr'>Hae</span> <span class='ocrx_word' id='word_1_297' title='bbox 680 2266 843 2319; x_wconf 75' lang='lat' dir='ltr'>fuere</span> <span class='ocrx_word' id='word_1_298' title='bbox 864 2265 1284 2318; x_wconf 85' lang='lat' dir='ltr'>Hainzelianae</span> <span class='ocrx_word' id='word_1_299' title='bbox 1310 2264 1494 2317; x_wconf 84' lang='lat' dir='ltr'>literae</span> <span class='ocrx_word' id='word_1_300' title='bbox 1522 2279 1670 2329; x_wconf 91' lang='lat' dir='ltr'>quas</span> <span class='ocrx_word' id='word_1_301' title='bbox 1696 2278 1855 2316; x_wconf 89' lang='lat' dir='ltr'>nunc</span> <span class='ocrx_word' id='word_1_302' title='bbox 1882 2263 2089 2316; x_wconf 88' lang='lat' dir='ltr'>ordine</span> <span class='ocrx_word' id='word_1_303' title='bbox 2113 2262 2531 2328; x_wconf 78' lang='lat' dir='ltr'>expendemus,</span> <span class='ocrx_word' id='word_1_304' title='bbox 2558 2262 2676 2315; x_wconf 89' lang='lat' dir='ltr'>De-</span> 
     </span>
     <span class='ocr_line' id='line_1_31' title="bbox 471 2333 2772 2401; baseline -0.002 -11"><span class='ocrx_word' id='word_1_305' title='bbox 471 2339 851 2391; x_wconf 90' lang='lat' dir='ltr'>clinationem</span> <span class='ocrx_word' id='word_1_306' title='bbox 871 2336 1082 2399; x_wconf 76' lang='lat' dir='ltr'>Stellae,</span> <span class='ocrx_word' id='word_1_307' title='bbox 1110 2352 1293 2401; x_wconf 90' lang='lat' dir='ltr'>quam</span> <span class='ocrx_word' id='word_1_308' title='bbox 1312 2335 1410 2388; x_wconf 93' lang='lat' dir='ltr'>ille</span> <span class='ocrx_word' id='word_1_309' title='bbox 1432 2352 1463 2388; x_wconf 92' lang='lat' dir='ltr'>e</span> <span class='ocrx_word' id='word_1_310' title='bbox 1483 2336 1598 2388; x_wconf 92' lang='lat' dir='ltr'>suis</span> <span class='ocrx_word' id='word_1_311' title='bbox 1620 2333 2143 2388; x_wconf 83' lang='lat' dir='ltr'>obseruationibus</span> <span class='ocrx_word' id='word_1_312' title='bbox 2161 2333 2417 2400; x_wconf 87' lang='lat' dir='ltr'>praefinit</span> <span class='ocrx_word' id='word_1_313' title='bbox 2434 2340 2580 2399; x_wconf 92' lang='lat' dir='ltr'>part.</span> <span class='ocrx_word' id='word_1_314' title='bbox 2601 2334 2675 2386; x_wconf 84' lang='lat'>61.</span> <span class='ocrx_word' id='word_1_315' title='bbox 2726 2348 2772 2384; x_wconf 88' lang='lat'>30</span> 
     </span>
     <span class='ocr_line' id='line_1_32' title="bbox 474 2405 2676 2476; baseline -0.002 -14"><span class='ocrx_word' id='word_1_316' title='bbox 474 2408 509 2476; x_wconf 93' lang='grc' dir='ltr'>Ι.</span> <span class='ocrx_word' id='word_1_317' title='bbox 530 2410 616 2471; x_wconf 87' lang='lat'>48,</span> <span class='ocrx_word' id='word_1_318' title='bbox 643 2425 752 2461; x_wconf 92' lang='lat' dir='ltr'>nos</span> <span class='ocrx_word' id='word_1_319' title='bbox 775 2409 920 2473; x_wconf 88' lang='lat' dir='ltr'>Cap.</span> <span class='ocrx_word' id='word_1_320' title='bbox 943 2414 1153 2473; x_wconf 83' lang='lat' dir='ltr'>quarto</span> <span class='ocrx_word' id='word_1_321' title='bbox 1180 2424 1253 2460; x_wconf 87' lang='lat' dir='ltr'>ex</span> <span class='ocrx_word' id='word_1_322' title='bbox 1278 2407 1482 2473; x_wconf 90' lang='lat' dir='ltr'>ijsdem</span> <span class='ocrx_word' id='word_1_323' title='bbox 1507 2406 1908 2459; x_wconf 87' lang='lat' dir='ltr'>constituimus</span> <span class='ocrx_word' id='word_1_324' title='bbox 1934 2405 2177 2458; x_wconf 88' lang='lat' dir='ltr'>dimidio</span> <span class='ocrx_word' id='word_1_325' title='bbox 2197 2405 2467 2470; x_wconf 85' lang='lat' dir='ltr'>scrupulo</span> <span class='ocrx_word' id='word_1_326' title='bbox 2487 2407 2676 2458; x_wconf 89' lang='lat' dir='ltr'>mino-</span> 
     </span>
     <span class='ocr_line' id='line_1_33' title="bbox 472 2477 2678 2545; baseline -0.002 -12"><span class='ocrx_word' id='word_1_327' title='bbox 472 2497 613 2543; x_wconf 89' lang='lat' dir='ltr'>rem,</span> <span class='ocrx_word' id='word_1_328' title='bbox 642 2497 713 2533; x_wconf 88' lang='lat' dir='ltr'>eo</span> <span class='ocrx_word' id='word_1_329' title='bbox 740 2480 900 2545; x_wconf 91' lang='lat' dir='ltr'>quod</span> <span class='ocrx_word' id='word_1_330' title='bbox 927 2495 1134 2532; x_wconf 89' lang='lat' dir='ltr'>omnes</span> <span class='ocrx_word' id='word_1_331' title='bbox 1160 2479 1335 2544; x_wconf 90' lang='lat' dir='ltr'>ipfius</span> <span class='ocrx_word' id='word_1_332' title='bbox 1355 2478 1712 2531; x_wconf 90' lang='lat' dir='ltr'>Altitudines</span> <span class='ocrx_word' id='word_1_333' title='bbox 1735 2480 2028 2530; x_wconf 88' lang='lat' dir='ltr'>maximas</span> <span class='ocrx_word' id='word_1_334' title='bbox 2049 2477 2101 2529; x_wconf 86' lang='lat'>&amp;</span> <span class='ocrx_word' id='word_1_335' title='bbox 2119 2479 2398 2529; x_wconf 92' lang='lat' dir='ltr'>minimas</span> <span class='ocrx_word' id='word_1_336' title='bbox 2419 2479 2678 2529; x_wconf 90' lang='lat' dir='ltr'>inuicem</span> 
     </span>
     <span class='ocr_line' id='line_1_34' title="bbox 471 2547 2676 2616; baseline -0.002 -12"><span class='ocrx_word' id='word_1_337' title='bbox 471 2552 908 2613; x_wconf 84' lang='lat' dir='ltr'>contulerimuS,</span> <span class='ocrx_word' id='word_1_338' title='bbox 947 2551 1212 2616; x_wconf 84' lang='lat' dir='ltr'>iustoque</span> <span class='ocrx_word' id='word_1_339' title='bbox 1243 2551 1424 2603; x_wconf 92' lang='lat' dir='ltr'>modo</span> <span class='ocrx_word' id='word_1_340' title='bbox 1456 2550 1926 2611; x_wconf 84' lang='lat' dir='ltr'>limitauerimuS‚</span> <span class='ocrx_word' id='word_1_341' title='bbox 1960 2548 2120 2614; x_wconf 91' lang='lat' dir='ltr'>quod</span> <span class='ocrx_word' id='word_1_342' title='bbox 2151 2548 2269 2614; x_wconf 85' lang='lat' dir='ltr'>ipse</span> <span class='ocrx_word' id='word_1_343' title='bbox 2300 2547 2676 2614; x_wconf 84' lang='lat' dir='ltr'>praetermifit.</span> 
     </span>
     <span class='ocr_line' id='line_1_35' title="bbox 472 2621 2045 2688; baseline -0.003 -12"><span class='ocrx_word' id='word_1_344' title='bbox 472 2624 585 2677; x_wconf 92' lang='lat' dir='ltr'>Sed</span> <span class='ocrx_word' id='word_1_345' title='bbox 606 2623 936 2676; x_wconf 82' lang='lat' dir='ltr'>differentia</span> <span class='ocrx_word' id='word_1_346' title='bbox 956 2622 1031 2675; x_wconf 83' lang='lat' dir='ltr'>eft</span> <span class='ocrx_word' id='word_1_347' title='bbox 1049 2624 1370 2688; x_wconf 90' lang='lat' dir='ltr'>perexigua</span> <span class='ocrx_word' id='word_1_348' title='bbox 1388 2621 1723 2686; x_wconf 82' lang='lat' dir='ltr'>nulliusque</span> <span class='ocrx_word' id='word_1_349' title='bbox 1742 2623 2045 2673; x_wconf 91' lang='lat' dir='ltr'>momenti.</span> 
     </span>
    </p>

    <p class='ocr_par' dir='ltr' id='par_1_6' title="bbox 472 2690 2776 3328">
     <span class='ocr_line' id='line_1_36' title="bbox 543 2690 2775 2759; baseline -0.002 -13"><span class='ocrx_word' id='word_1_350' title='bbox 543 2695 721 2758; x_wconf 90' lang='lat' dir='ltr'>Quod</span> <span class='ocrx_word' id='word_1_351' title='bbox 741 2694 940 2747; x_wconf 91' lang='lat' dir='ltr'>locum</span> <span class='ocrx_word' id='word_1_352' title='bbox 960 2694 1155 2747; x_wconf 85' lang='lat' dir='ltr'>Steuae</span> <span class='ocrx_word' id='word_1_353' title='bbox 1175 2696 1238 2746; x_wconf 91' lang='lat' dir='ltr'>in</span> <span class='ocrx_word' id='word_1_354' title='bbox 1257 2699 1402 2759; x_wconf 91' lang='lat' dir='ltr'>part.</span> <span class='ocrx_word' id='word_1_355' title='bbox 1424 2693 1489 2748; x_wconf 62' lang='grc' dir='ltr'>δὲ</span> <span class='ocrx_word' id='word_1_356' title='bbox 1514 2695 1571 2754; x_wconf 50' lang='grc' dir='ltr'>ὅ</span> <span class='ocrx_word' id='word_1_357' title='bbox 1596 2695 1843 2758; x_wconf 90' lang='lat' dir='ltr'>reponit,</span> <span class='ocrx_word' id='word_1_358' title='bbox 1870 2694 2048 2744; x_wconf 91' lang='lat' dir='ltr'>nimis</span> <span class='ocrx_word' id='word_1_359' title='bbox 2072 2691 2193 2744; x_wconf 91' lang='lat' dir='ltr'>lato</span> <span class='ocrx_word' id='word_1_360' title='bbox 2219 2691 2399 2744; x_wconf 93' lang='lat' dir='ltr'>modo</span> <span class='ocrx_word' id='word_1_361' title='bbox 2425 2690 2578 2753; x_wconf 87' lang='lat' dir='ltr'>facit,</span> <span class='ocrx_word' id='word_1_362' title='bbox 2606 2705 2679 2744; x_wconf 88' lang='lat' dir='ltr'>ex</span> <span class='ocrx_word' id='word_1_363' title='bbox 2727 2706 2775 2742; x_wconf 77' lang='lat'>3⁵</span> 
     </span>
     <span class='ocr_line' id='line_1_37' title="bbox 472 2762 2681 2831; baseline -0.002 -13"><span class='ocrx_word' id='word_1_364' title='bbox 472 2765 825 2831; x_wconf 72' lang='lat' dir='ltr'>inspefflone</span> <span class='ocrx_word' id='word_1_365' title='bbox 854 2765 1000 2817; x_wconf 88' lang='lat' dir='ltr'>forte</span> <span class='ocrx_word' id='word_1_366' title='bbox 1032 2765 1212 2818; x_wconf 92' lang='lat' dir='ltr'>Globi</span> <span class='ocrx_word' id='word_1_367' title='bbox 1241 2765 1509 2817; x_wconf 77' lang='lat' dir='ltr'>alicuius,</span> <span class='ocrx_word' id='word_1_368' title='bbox 1541 2764 1699 2817; x_wconf 92' lang='lat' dir='ltr'>Cum</span> <span class='ocrx_word' id='word_1_369' title='bbox 1729 2767 1889 2816; x_wconf 90' lang='lat' dir='ltr'>enim</span> <span class='ocrx_word' id='word_1_370' title='bbox 1916 2778 2122 2816; x_wconf 87' lang='lat' dir='ltr'>veram</span> <span class='ocrx_word' id='word_1_371' title='bbox 2151 2762 2548 2815; x_wconf 87' lang='lat' dir='ltr'>Latitudinem</span> <span class='ocrx_word' id='word_1_372' title='bbox 2575 2777 2681 2827; x_wconf 87' lang='lat' dir='ltr'>per</span> 
     </span>
     <span class='ocr_line' id='line_1_38' title="bbox 474 2832 2678 2901; baseline -0.001 -12"><span class='ocrx_word' id='word_1_373' title='bbox 474 2837 882 2901; x_wconf 87' lang='lat' dir='ltr'>Quadrantem</span> <span class='ocrx_word' id='word_1_374' title='bbox 902 2836 1138 2901; x_wconf 86' lang='lat' dir='ltr'>adipisci</span> <span class='ocrx_word' id='word_1_375' title='bbox 1158 2852 1282 2888; x_wconf 92' lang='lat' dir='ltr'>non</span> <span class='ocrx_word' id='word_1_376' title='bbox 1301 2838 1571 2901; x_wconf 88' lang='lat' dir='ltr'>potuerit,</span> <span class='ocrx_word' id='word_1_377' title='bbox 1599 2851 1709 2888; x_wconf 89' lang='lat' dir='ltr'>nec</span> <span class='ocrx_word' id='word_1_378' title='bbox 1728 2835 1892 2888; x_wconf 91' lang='lat' dir='ltr'>aliud</span> <span class='ocrx_word' id='word_1_379' title='bbox 1918 2834 2371 2886; x_wconf 86' lang='lat' dir='ltr'>Instrumentum</span> <span class='ocrx_word' id='word_1_380' title='bbox 2392 2833 2532 2889; x_wconf 92' lang='lat' dir='ltr'>huic</span> <span class='ocrx_word' id='word_1_381' title='bbox 2552 2832 2678 2886; x_wconf 87' lang='lat' dir='ltr'>offi-</span> 
     </span>
     <span class='ocr_line' id='line_1_39' title="bbox 474 2904 2680 2972; baseline -0.002 -12"><span class='ocrx_word' id='word_1_382' title='bbox 474 2912 564 2961; x_wconf 93' lang='lat' dir='ltr'>cio</span> <span class='ocrx_word' id='word_1_383' title='bbox 583 2908 868 2961; x_wconf 90' lang='lat' dir='ltr'>idoneum</span> <span class='ocrx_word' id='word_1_384' title='bbox 881 2911 1182 2972; x_wconf 92' lang='lat' dir='ltr'>inpromtu</span> <span class='ocrx_word' id='word_1_385' title='bbox 1195 2906 1483 2969; x_wconf 89' lang='lat' dir='ltr'>habuerit,</span> <span class='ocrx_word' id='word_1_386' title='bbox 1506 2923 1578 2959; x_wconf 86' lang='lat' dir='ltr'>ex</span> <span class='ocrx_word' id='word_1_387' title='bbox 1591 2907 1714 2959; x_wconf 92' lang='lat' dir='ltr'>sola</span> <span class='ocrx_word' id='word_1_388' title='bbox 1727 2906 2140 2959; x_wconf 89' lang='lat' dir='ltr'>Declinatione</span> <span class='ocrx_word' id='word_1_389' title='bbox 2155 2911 2333 2970; x_wconf 91' lang='lat' dir='ltr'>atque</span> <span class='ocrx_word' id='word_1_390' title='bbox 2347 2904 2680 2958; x_wconf 90' lang='lat' dir='ltr'>Latitudine</span> 
     </span>
     <span class='ocr_line' id='line_1_40' title="bbox 472 2975 2682 3044; baseline -0.002 -12"><span class='ocrx_word' id='word_1_391' title='bbox 472 2987 533 3032; x_wconf 87' lang='lat' dir='ltr'>vt</span> <span class='ocrx_word' id='word_1_392' title='bbox 564 2977 715 3031; x_wconf 72' lang='lat' dir='ltr'>reete</span> <span class='ocrx_word' id='word_1_393' title='bbox 749 2980 946 3041; x_wconf 89' lang='lat' dir='ltr'>asserit,</span> <span class='ocrx_word' id='word_1_394' title='bbox 983 2979 1438 3044; x_wconf 89' lang='lat' dir='ltr'>Longitudinem</span> <span class='ocrx_word' id='word_1_395' title='bbox 1469 2978 1666 3033; x_wconf 82' lang='lat' dir='ltr'>Stellae</span> <span class='ocrx_word' id='word_1_396' title='bbox 1697 2976 2069 3043; x_wconf 76' lang='lat' dir='ltr'>praedefinire</span> <span class='ocrx_word' id='word_1_397' title='bbox 2101 2976 2264 3030; x_wconf 92' lang='lat' dir='ltr'>haud</span> <span class='ocrx_word' id='word_1_398' title='bbox 2297 2976 2560 3029; x_wconf 90' lang='lat' dir='ltr'>dabatur.</span> <span class='ocrx_word' id='word_1_399' title='bbox 2594 2975 2682 3028; x_wconf 94' lang='lat' dir='ltr'>Ea</span> 
     </span>
     <span class='ocr_line' id='line_1_41' title="bbox 473 3047 2776 3115; baseline -0.002 -12"><span class='ocrx_word' id='word_1_400' title='bbox 473 3067 631 3112; x_wconf 83' lang='lat' dir='ltr'>verO,</span> <span class='ocrx_word' id='word_1_401' title='bbox 654 3066 836 3115; x_wconf 91' lang='lat' dir='ltr'>quam</span> <span class='ocrx_word' id='word_1_402' title='bbox 856 3052 1079 3103; x_wconf 89' lang='lat' dir='ltr'>assumit</span> <span class='ocrx_word' id='word_1_403' title='bbox 1099 3050 1173 3102; x_wconf 91' lang='lat' dir='ltr'>ab</span> <span class='ocrx_word' id='word_1_404' title='bbox 1193 3049 1451 3102; x_wconf 91' lang='lat' dir='ltr'>Vlmenfi</span> <span class='ocrx_word' id='word_1_405' title='bbox 1472 3050 1733 3115; x_wconf 91' lang='lat' dir='ltr'>quodam</span> <span class='ocrx_word' id='word_1_406' title='bbox 1761 3049 1951 3114; x_wconf 92' lang='lat' dir='ltr'>(cuius</span> <span class='ocrx_word' id='word_1_407' title='bbox 1970 3048 2245 3114; x_wconf 87' lang='lat' dir='ltr'>scriptum</span> <span class='ocrx_word' id='word_1_408' title='bbox 2263 3063 2388 3100; x_wconf 91' lang='lat' dir='ltr'>non</span> <span class='ocrx_word' id='word_1_409' title='bbox 2406 3047 2543 3109; x_wconf 87' lang='lat' dir='ltr'>vidi,</span> <span class='ocrx_word' id='word_1_410' title='bbox 2570 3063 2679 3099; x_wconf 89' lang='lat' dir='ltr'>nec</span> <span class='ocrx_word' id='word_1_411' title='bbox 2728 3062 2776 3098; x_wconf 83' lang='lat'>40</span> 
     </span>
     <span class='ocr_line' id='line_1_42' title="bbox 476 3119 2678 3187; baseline -0.002 -13"><span class='ocrx_word' id='word_1_412' title='bbox 476 3138 798 3187; x_wconf 90' lang='lat' dir='ltr'>quemnam</span> <span class='ocrx_word' id='word_1_413' title='bbox 817 3128 979 3187; x_wconf 88' lang='lat' dir='ltr'>putet</span> <span class='ocrx_word' id='word_1_414' title='bbox 999 3120 1274 3187; x_wconf 74' lang='lat' dir='ltr'>Cognoui)</span> <span class='ocrx_word' id='word_1_415' title='bbox 1300 3127 1445 3186; x_wconf 91' lang='lat' dir='ltr'>part.</span> <span class='ocrx_word' id='word_1_416' title='bbox 1466 3121 1702 3186; x_wconf 88' lang='lat' dir='ltr'>praecise</span> <span class='ocrx_word' id='word_1_417' title='bbox 1722 3121 1808 3182; x_wconf 89' lang='lat'>54,</span> <span class='ocrx_word' id='word_1_418' title='bbox 1835 3122 2023 3172; x_wconf 90' lang='lat' dir='ltr'>nimia</span> <span class='ocrx_word' id='word_1_419' title='bbox 2042 3119 2133 3181; x_wconf 84' lang='lat' dir='ltr'>est,</span> <span class='ocrx_word' id='word_1_420' title='bbox 2160 3135 2304 3172; x_wconf 91' lang='lat' dir='ltr'>nam</span> <span class='ocrx_word' id='word_1_421' title='bbox 2323 3125 2536 3184; x_wconf 91' lang='lat' dir='ltr'>quarta</span> <span class='ocrx_word' id='word_1_422' title='bbox 2553 3133 2678 3184; x_wconf 88' lang='lat' dir='ltr'>gra·</span> 
     </span>
     <span class='ocr_line' id='line_1_43' title="bbox 477 3189 2679 3257; baseline -0.001 -12"><span class='ocrx_word' id='word_1_423' title='bbox 477 3194 586 3246; x_wconf 89' lang='lat' dir='ltr'>dus</span> <span class='ocrx_word' id='word_1_424' title='bbox 611 3199 774 3257; x_wconf 89' lang='lat' dir='ltr'>parte</span> <span class='ocrx_word' id='word_1_425' title='bbox 799 3192 1083 3253; x_wconf 91' lang='lat' dir='ltr'>abundat;</span> <span class='ocrx_word' id='word_1_426' title='bbox 1110 3192 1363 3257; x_wconf 90' lang='lat' dir='ltr'>ideoque</span> <span class='ocrx_word' id='word_1_427' title='bbox 1383 3208 1507 3244; x_wconf 91' lang='lat' dir='ltr'>non</span> <span class='ocrx_word' id='word_1_428' title='bbox 1525 3195 1745 3244; x_wconf 90' lang='lat' dir='ltr'>mirum</span> <span class='ocrx_word' id='word_1_429' title='bbox 1766 3207 1905 3244; x_wconf 90' lang='lat' dir='ltr'>eum</span> <span class='ocrx_word' id='word_1_430' title='bbox 1923 3207 2027 3256; x_wconf 92' lang='lat' dir='ltr'>per</span> <span class='ocrx_word' id='word_1_431' title='bbox 2046 3190 2506 3256; x_wconf 90' lang='lat' dir='ltr'>Triangulorum</span> <span class='ocrx_word' id='word_1_432' title='bbox 2525 3189 2679 3242; x_wconf 92' lang='lat' dir='ltr'>Doc-</span> 
     </span>
     <span class='ocr_line' id='line_1_44' title="bbox 476 3261 2681 3328; baseline -0.002 -12"><span class='ocrx_word' id='word_1_433' title='bbox 476 3267 693 3316; x_wconf 91' lang='lat' dir='ltr'>trinam</span> <span class='ocrx_word' id='word_1_434' title='bbox 725 3280 797 3316; x_wconf 90' lang='lat' dir='ltr'>ex</span> <span class='ocrx_word' id='word_1_435' title='bbox 829 3264 967 3316; x_wconf 90' lang='lat' dir='ltr'>data</span> <span class='ocrx_word' id='word_1_436' title='bbox 997 3263 1111 3316; x_wconf 90' lang='lat' dir='ltr'>hac</span> <span class='ocrx_word' id='word_1_437' title='bbox 1142 3263 1493 3324; x_wconf 89' lang='lat' dir='ltr'>Latitudine,</span> <span class='ocrx_word' id='word_1_438' title='bbox 1527 3263 1579 3315; x_wconf 87' lang='lat'>&amp;</span> <span class='ocrx_word' id='word_1_439' title='bbox 1611 3265 1852 3316; x_wconf 88' lang='lat' dir='ltr'>assumta</span> <span class='ocrx_word' id='word_1_440' title='bbox 1881 3265 2121 3328; x_wconf 91' lang='lat' dir='ltr'>propria</span> <span class='ocrx_word' id='word_1_441' title='bbox 2152 3261 2582 3322; x_wconf 88' lang='lat' dir='ltr'>Declinatione,</span> <span class='ocrx_word' id='word_1_442' title='bbox 2618 3263 2681 3312; x_wconf 93' lang='lat' dir='ltr'>in</span> 
     </span>
    </p>
   </div>
   <div class='ocr_carea' id='block_1_5' title="bbox 477 3332 2776 3459">
    <p class='ocr_par' dir='ltr' id='par_1_7' title="bbox 477 3332 2776 3459">
     <span class='ocr_line' id='line_1_45' title="bbox 477 3332 2680 3458; baseline -0.001 -71"><span class='ocrx_word' id='word_1_443' title='bbox 477 3341 622 3458; x_wconf 62' lang='lat' dir='ltr'>part.</span> <span class='ocrx_word' id='word_1_444' title='bbox 643 3335 708 3389; x_wconf 50' lang='lat'>67¹2</span> <span class='ocrx_word' id='word_1_445' title='bbox 725 3334 845 3387; x_wconf 85' lang='lat' dir='ltr'>fere</span> <span class='ocrx_word' id='word_1_446' title='bbox 866 3335 1184 3400; x_wconf 90' lang='lat' dir='ltr'>reposuisse‚</span> <span class='ocrx_word' id='word_1_447' title='bbox 1211 3335 1279 3387; x_wconf 89' lang='lat'>24</span> <span class='ocrx_word' id='word_1_448' title='bbox 1299 3337 1540 3386; x_wconf 92' lang='lat' dir='ltr'>minutis</span> <span class='ocrx_word' id='word_1_449' title='bbox 1562 3350 1634 3387; x_wconf 90' lang='lat' dir='ltr'>eo</span> <span class='ocrx_word' id='word_1_450' title='bbox 1653 3334 1803 3412; x_wconf 90' lang='lat' dir='ltr'>loco,</span> <span class='ocrx_word' id='word_1_451' title='bbox 1830 3349 2009 3398; x_wconf 91' lang='lat' dir='ltr'>quem</span> <span class='ocrx_word' id='word_1_452' title='bbox 2035 3333 2260 3386; x_wconf 86' lang='lat' dir='ltr'>caelitus</span> <span class='ocrx_word' id='word_1_453' title='bbox 2285 3332 2551 3393; x_wconf 84' lang='lat' dir='ltr'>obtinuit,</span> <span class='ocrx_word' id='word_1_454' title='bbox 2578 3346 2680 3384; x_wconf 89' lang='lat' dir='ltr'>an-</span> 
     </span>
     <span class='ocr_line' id='line_1_46' title="bbox 501 3417 2776 3459; baseline -0.003 -1"><span class='ocrx_word' id='word_1_455' title='bbox 501 3421 767 3459; x_wconf 90' lang='lat' dir='ltr'>er1orem.</span> <span class='ocrx_word' id='word_1_456' title='bbox 2729 3417 2776 3453; x_wconf 84' lang='grc'>45</span> 
     </span>
    </p>
   </div>
   <div class='ocr_carea' id='block_1_6' title="bbox 2447 3472 2680 3526">
    <p class='ocr_par' dir='ltr' id='par_1_8' title="bbox 2447 3472 2680 3526">
     <span class='ocr_line' id='line_1_47' title="bbox 2447 3472 2680 3526; baseline -0.004 0"><span class='ocrx_word' id='word_1_457' title='bbox 2447 3472 2680 3526; x_wconf 88' lang='lat' dir='ltr'>Deinde</span> 
     </span>
    </p>
   </div>
  </div>
 </body>
</html>
