2976 4264
229 992 272 1028 10

201 1223 288 1266 545

230 1290 273 1325 15

226 1886 272 1921 25

225 2481 271 2516 35

222 2778 270 2813 40

223 3075 270 3110 45

699 305 1581 361 PROGYMNASMATUM
1606 307 1922 360 TERTIA
1948 308 2153 361 PARS
2463 310 2532 361 59

324 447 440 503 alijs
454 446 583 490 Coeli
602 445 856 501 partibus,
877 449 1061 501 utpote
1076 448 1279 502 Lyram
1298 447 1352 491 in
1371 447 1414 492 8.
1431 447 1575 503 grad.
1590 447 1664 491 30.
1682 448 1850 502 scrup.
1867 452 1902 500 z
1917 480 1928 499 ,
1944 448 2217 503 Capellam
2230 447 2283 490 in
2301 447 2368 490 16.
2385 448 2530 503 grad.

328 506 396 550 10.
413 506 581 561 scrup.
602 506 671 563 ][,
693 503 978 549 Arcturum
997 506 1051 550 in
1074 507 1142 551 18.
1159 508 1304 563 grad.
1325 507 1392 551 10.
1411 507 1578 562 scrup.
1596 509 1668 563 Q,
1690 519 1787 562 pro
1802 510 1860 550 ut
1874 507 1941 551 ab
1956 506 2259 551 Artificibus
2278 509 2533 550 annotata

324 566 454 618 sunt,
476 565 703 609 haerere:
726 576 897 620 neque
916 567 1002 609 uel
1020 578 1086 610 ex
1100 566 1584 619 obseruationibus,
1605 567 1691 610 uel
1710 569 1956 610 motuum
1968 566 2180 610 Tabulis
2201 566 2534 610 animaduer-

322 627 514 677 terunt,
542 625 686 679 quod
711 625 1048 669 Planetarum
1074 627 1262 678 nullus,
1290 626 1333 670 8.
1356 627 1554 670 nedum
1578 626 1651 669 54.
1674 626 1912 680 partibus
1939 638 1971 669 a
1998 625 2236 681 signifero
2263 625 2534 682 (quemad-

323 685 548 729 modum
561 684 681 728 haec
696 684 851 728 Noua
862 684 1040 742 Stella)
1055 685 1280 729 aberret.
1296 685 1392 741 Alij
1409 697 1518 729 non
1530 697 1655 730 raro
1669 685 1968 729 huiusmodi
1978 685 2260 728 Stellarum
2272 685 2532 729 exorbita-

321 744 492 788 tiones
513 747 674 799 atque
692 744 953 796 transitus,
980 745 1197 788 mutatis
1216 745 1463 789 uidelicet
1488 744 1618 789 locis
1638 745 1739 788 suis
1759 744 2062 800 contingere
2083 745 2310 788 aiebant.
2332 745 2532 788 Verum

323 816 487 859 quam
513 804 731 847 Stellam
757 814 822 847 eo
848 803 1087 859 migrasse
1114 804 1449 859 suspicentur,
1479 804 1671 857 nescio,
1701 804 2026 859 reliquarum
2052 804 2193 847 enim
2219 805 2361 847 nulla
2390 807 2531 858 (quae

322 863 538 918 quidem
554 862 832 907 Horizonti
851 863 1027 907 nostro
1048 863 1305 922 oriuntur)
1323 864 1445 908 loco
1466 864 1557 908 suo
1579 864 1829 908 consueto
1850 864 2189 915 desideratur,
2210 863 2302 906 nifi
2316 863 2532 907 forsitan

322 923 600 978 Canopum
626 922 874 977 aliquem,
903 934 1133 977 quorum
1157 926 1266 967 tres
1290 924 1448 967 ualde
1470 922 1689 967 illustres
1708 934 1875 978 prope
1894 924 2078 966 Polum
2097 923 2397 966 Austrinum
2416 923 2533 966 Por-

320 983 665 1038 tugalenlium
680 985 860 1026 nautae
874 982 1134 1035 uiderunt,
1157 983 1226 1026 ad
1246 995 1345 1027 nos
1365 982 1660 1034 ascendisse‚
1683 982 1956 1025 affirmare
1970 982 2146 1026 uelint.
2170 982 2326 1034 Quod
2341 983 2376 1025 fi
2389 982 2534 1025 Veri-

319 1042 416 1086 tati
436 1042 766 1094 consonaret,
795 1041 985 1086 merito
1009 1042 1541 1097 repraehenderemus
1566 1041 1674 1099 (sed
1691 1042 1904 1085 illorum
1925 1041 2265 1098 authoritate)
2285 1042 2327 1085 ἃ
2346 1041 2533 1085 Aristo-

319 1102 480 1145 telem
507 1101 548 1144 &
573 1101 937 1153 Ptolemaeum,
968 1102 1004 1144 si
1033 1101 1188 1145 nullis
1213 1103 1356 1146 retro
1383 1101 1583 1145 Seculis
1609 1101 1961 1145 mutationem
1986 1100 2040 1144 in
2066 1101 2208 1144 Orbe
2237 1100 2531 1155 praesertim

321 1161 520 1206 stellato
553 1160 958 1215 depraehensam
990 1161 1284 1213 asserentes,
1323 1161 1478 1205 nobis
1509 1159 1766 1204 hactenus
1798 1160 2164 1215 imposuissent.
2199 1160 2400 1204 Verum
2432 1160 2532 1203 hos

321 1232 509 1265 omnes
536 1219 760 1263 mutatio
788 1220 982 1264 coloris
1007 1220 1164 1264 huius
1184 1220 1375 1273 Stellae,
1403 1221 1445 1264 ἃ
1470 1220 1844 1275 magnitudinis
1871 1217 2189 1279 dirni-ssnutio
2215 1219 2533 1263 sufficienter

323 1282 632 1335 coarguunt.
657 1279 752 1335 Alij
776 1279 982 1335 singulis
1002 1279 1236 1323 centenis
1250 1281 1336 1324 uel
1351 1279 1721 1335 quadringenis
1734 1279 1898 1322 Annis
1911 1279 2210 1323 huiusmodi
2222 1279 2405 1323 Sidera
2419 1279 2533 1323 red-

321 1339 415 1393 ire,
442 1338 734 1383 commenti
754 1339 888 1382 sunt:
918 1339 1052 1391 Quae
1073 1339 1141 1382 ab
1161 1339 1261 1383 illis
1282 1339 1496 1394 quidem
1517 1339 1779 1391 dicuntur,
1807 1339 1895 1382 sed
1914 1339 2104 1382 nullius
2124 1338 2297 1382 Seculi
2316 1339 2531 1382 Phaeno-

322 1398 492 1443 menis
512 1398 949 1453 comprobantur.

393 1458 626 1511 Quidam
652 1461 834 1501 autem
860 1457 1215 1512 opinabantur
1243 1470 1366 1501 eam
1394 1469 1502 1502 non
1530 1458 1583 1501 in
1608 1457 1883 1509 AEtherea,
1915 1457 2002 1501 sed
2029 1457 2083 1500 in
2107 1457 2280 1501 Aerea
2307 1456 2530 1512 Regione

322 1517 575 1573 superiori
595 1517 947 1569 constitutam,
975 1517 1213 1562 Cometae
1234 1517 1508 1561 cuiusdam
1529 1517 1713 1561 orituri
1737 1516 2043 1560 incendium
2067 1516 2336 1560 inchoare.
2365 1516 2468 1559 Sed
2488 1517 2529 1559 81

321 1577 480 1623 hodie
513 1576 664 1620 multi
692 1577 972 1621 Cometam
1004 1577 1104 1621 esse
1135 1576 1510 1632 pronunciant:
1540 1577 1741 1620 Verum
1771 1576 2036 1620 accuratis
2062 1576 2530 1619 Obseruationibus

321 1636 494 1682 edocti
520 1637 714 1689 sumus,
742 1637 886 1691 quod
910 1636 1208 1692 prodigiosa
1234 1637 1354 1680 haec
1380 1636 1541 1679 Stella
1566 1647 1674 1679 non
1700 1636 1864 1680 modo
1891 1647 1999 1679 non
2024 1635 2290 1687 meteoris‚
2318 1635 2405 1679 sed
2430 1646 2528 1679 nec

320 1696 560 1749 Planetis,
580 1708 771 1740 uerum
791 1694 967 1740 ocstaui
988 1696 1144 1740 Orbis
1165 1696 1253 1739 seu
1273 1695 1615 1739 Firmamenti
1632 1695 1792 1739 Astris
1812 1695 2215 1738 annumeranda
2236 1695 2308 1737 fit.

393 1756 619 1800 Decimo
646 1756 791 1800 sexto
817 1755 960 1800 enim
988 1756 1209 1799 Kalend.
1232 1755 1487 1800 Decemb.
1511 1755 1662 1799 Hora
1687 1756 1729 1798 7.
1757 1754 1870 1810 post
1890 1755 2183 1806 Meridiem‚
2211 1755 2391 1797 locum
2417 1753 2529 1797 eius

321 1815 695 1873 diligentissime
723 1815 1142 1867 obseruauimus,
1173 1815 1388 1870 quando
1418 1814 1472 1857 in
1501 1814 1795 1858 Meridiano
1826 1814 2118 1869 applicaret
2146 1814 2352 1857 summo
2383 1813 2526 1856 Coeli.

322 1876 421 1920 Die
449 1875 683 1931 sequenti
712 1875 862 1919 Hora
887 1876 915 1917 5
943 1878 1065 1919 ante
1092 1875 1282 1919 Ortum
1308 1874 1458 1926 Solis,
1490 1886 1616 1918 cum
1645 1876 1796 1918 extra
1826 1873 1955 1916 Coeli
1984 1871 2221 1916 medium
2251 1873 2528 1916 Horizonti

321 1935 667 1992 propinquior
694 1934 832 1988 esset,
862 1935 1038 1979 denuo
1067 1935 1247 1979 locum
1278 1934 1390 1978 eius
1419 1933 1739 1978 notauimus.
1773 1933 1975 1977 Eodem
2004 1933 2102 1976 Die
2131 1932 2281 1976 Hora
2310 1932 2529 1987 septima

322 1994 743 2039 antemeridiana
760 1995 942 2039 locum
962 1994 1075 2038 eius
1095 1997 1443 2049 apparentem
1462 1994 1638 2037 rursus
1652 1993 2119 2044 considerauimus‚
2140 2003 2265 2035 cum
2278 1992 2528 2034 nimirum

319 2055 374 2099 in
400 2054 755 2098 Meridianum
781 2054 992 2098 reuersa
1018 2054 1208 2098 Circuli
1233 2054 1307 2097 sui
1331 2053 1500 2097 imum
1526 2052 1819 2108 possideret,
1847 2051 2102 2106 siquidem
2129 2051 2197 2095 ob
2221 2051 2328 2095 Poli
2353 2050 2530 2094 uicini-

319 2118 487 2159 tatem
514 2114 726 2158 occasui
750 2125 859 2158 non
884 2114 956 2158 est
982 2113 1231 2158 obnoxia.
1260 2113 1409 2157 Idem
1436 2112 1865 2168 subsequentibus
1888 2111 2088 2156 Diebus
2114 2123 2147 2154 a
2171 2110 2324 2154 nobis
2350 2111 2528 2153 sedulo

321 2173 618 2218 fadtitatum
629 2173 715 2217 est.
730 2173 933 2225 Quibus
942 2176 1126 2217 tamen
1138 2172 1606 2217 obseruationibus
1618 2171 1867 2216 omnibus
1876 2171 2019 2214 idem
2030 2170 2083 2214 in
2094 2169 2298 2213 Ocstaua
2307 2170 2529 2223 Sphaera

320 2235 487 2286 locus,
508 2245 575 2278 ne
594 2233 754 2277 unico
774 2233 1018 2288 scrupulo
1037 2236 1151 2277 toto
1172 2233 1277 2277 hoc
1296 2236 1556 2287 tempore,
1579 2243 1685 2287 quo
1701 2230 1971 2275 obseruari
1985 2230 2158 2285 caepit,
2180 2230 2265 2273 uel
2280 2229 2528 2273 differens

320 2295 405 2338 uel
425 2295 661 2336 mutatus
681 2292 1055 2347 depraehensus
1075 2292 1161 2336 est.
1183 2292 1423 2336 Asserunt
1442 2292 1565 2335 sane
1586 2291 1762 2346 aliqui,
1784 2303 1907 2334 eam
1926 2290 2107 2333 uersus
2120 2290 2303 2333 Polum
2321 2289 2528 2332 duobus

320 2364 456 2409 pene
475 2352 724 2409 gradibus
743 2352 1049 2407 processisse,
1070 2361 1262 2395 uerum
1275 2363 1374 2395 nos
1388 2351 1514 2394 nihil
1527 2351 1723 2394 horum
1737 2350 1836 2394 esse
1850 2349 2227 2404 comperimus.
2250 2349 2383 2391 Cum
2403 2359 2527 2403 ergo

319 2413 374 2456 in
399 2412 588 2456 diurna
612 2412 944 2456 reuolutione
968 2413 1113 2455 nulla
1138 2414 1317 2455 motus
1343 2410 1692 2465 discrepantia
1713 2410 1859 2453 sensu
1877 2408 2077 2463 percipi
2095 2408 2258 2463 possit,
2285 2407 2442 2450 facile
2462 2419 2528 2450 ex

319 2471 591 2516 Ptolemaei
614 2471 913 2527 Almagesto
940 2470 1400 2522 demonstrabitur,
1430 2481 1620 2513 uerum
1646 2469 1758 2513 eius
1785 2471 1994 2512 motum
2021 2468 2088 2511 ab
2116 2467 2392 2521 apparenti
2418 2478 2527 2510 non

320 2531 555 2576 differre:
583 2532 626 2574 ἃ
651 2531 772 2574 inde
798 2530 1096 2574 distantiam
1122 2530 1234 2574 eius
1258 2533 1466 2573 tantam
1491 2529 1607 2581 esse,
1634 2531 1693 2571 ut
1718 2528 1787 2571 ad
1812 2539 1935 2571 eam
1962 2526 2180 2570 dimidia
2205 2526 2382 2569 Terrae
2408 2525 2528 2568 Dia-

320 2594 491 2635 meter
508 2590 942 2645 incomparabilis
962 2591 1035 2633 fit.
1059 2591 1134 2632 Ex
1154 2601 1261 2644 quo
1281 2588 1566 2633 necessario
1587 2587 1898 2643 colligimus,
1925 2598 2049 2630 eam
2067 2597 2166 2629 nec
2187 2585 2240 2628 in
2258 2585 2408 2628 Aeris
2428 2596 2527 2628 nec

320 2650 456 2706 Ignis
471 2649 798 2705 Regionibus,
821 2661 943 2704 quae
963 2649 1162 2704 alioqui
1174 2649 1519 2692 Cometarum
1541 2647 1873 2701 aliorumque
1889 2646 2252 2689 Meteororum
2268 2644 2414 2687 sedes
2429 2644 2526 2687 esse

319 2711 462 2762 solet,
484 2709 776 2761 consistere,
804 2709 928 2763 quia
946 2708 1050 2752 illic
1071 2708 1367 2751 admodum
1387 2707 1690 2751 euidentem
1709 2705 2205 2755 commutationem,
2234 2704 2339 2747 fiue
2357 2704 2528 2746 Paral-

318 2769 463 2813 laxin
482 2779 711 2823 eamque
730 2767 784 2811 in
804 2768 983 2812 Horas
1004 2767 1332 2819 mutabilem,
1354 2766 1570 2809 faceret.
1595 2765 1732 2809 Hinc
1753 2776 1965 2819 quoque
1984 2776 2083 2808 nec
2106 2764 2273 2807 Lunae
2287 2763 2525 2818 Sphaerae

318 2829 543 2872 affixam
569 2830 775 2871 certum
801 2827 888 2879 est,
915 2839 1044 2870 nam
1071 2827 1141 2870 ad
1166 2838 1288 2870 eam
1314 2825 1545 2869 similiter
1569 2824 1775 2880 insignis
1799 2824 1870 2868 est
1890 2823 2124 2867 dimidiae
2144 2822 2402 2866 Diametri
2420 2822 2528 2864 Tel-

318 2887 445 2931 luris
458 2886 783 2942 magnitudo,
806 2898 927 2941 quae
942 2886 1106 2929 efficit
1118 2889 1176 2928 ut
1190 2886 1342 2928 Luna
1360 2885 1416 2941 (fi
1429 2885 1628 2928 habeat
1640 2884 1695 2927 in
1709 2883 1916 2927 Circulo
1930 2882 2170 2926 uerticali
2182 2881 2526 2925 Altitudinem

317 2947 390 2991 20.
406 2946 655 3002 partium,
677 2947 943 3000 aequalem
963 2945 1074 2988 fere
1088 2945 1263 2988 Stellae
1282 2944 1438 2988 huius
1457 2943 1752 2987 humilimae
1766 2942 2055 2999 Altitudini)
2067 2942 2245 2985 Terrae
2261 2940 2524 2995 proxima,

320 3006 535 3062 quando
562 3005 850 3049 secundum
877 3004 1230 3059 Copernicum
1257 3003 1400 3047 abest
1424 3003 1497 3047 52.
1519 3003 1664 3058 grad.
1697 3003 1765 3046 17.
1788 3002 1955 3057 scrup.
1984 2999 2385 3045 semidiametris
2409 2999 2527 3042 Ter-

319 3066 475 3118 renis,
496 3064 670 3120 pariat
682 3063 977 3108 Parallaxin
989 3064 1062 3107 63.
1079 3064 1446 3118 scrupulorum
1459 3062 1773 3117 primorum,
1795 3062 1883 3105 sed
1903 3060 2159 3111 altissima‚
2182 3059 2395 3114 quando
2414 3058 2525 3101 eius

320 3125 560 3169 distantia
582 3124 654 3168 est
672 3123 745 3167 68.
769 3135 894 3167 cum
918 3123 1107 3166 triente
1127 3122 1657 3166 semidiametrorum
1674 3121 1870 3173 Terrae,
1897 3122 2196 3164 commutat
2221 3118 2390 3161 uisum
2415 3129 2526 3160 mo-

318 3188 434 3228 tum
455 3197 487 3228 a
506 3182 729 3228 uero48.
752 3183 847 3227 scr.
868 3182 938 3226 Vt
956 3182 1138 3225 uidere
1162 3181 1284 3225 licet
1303 3193 1371 3225 ex
1388 3181 1600 3225 Tabulis
1619 3179 1904 3224 Prutenicis
1925 3180 1966 3223 81
1986 3177 2277 3233 Copernici.
2307 3177 2462 3228 Quod
2489 3177 2524 3218 fi

321 3245 473 3287 Luna
497 3245 706 3287 tantam
731 3244 980 3297 procreat
998 3241 1308 3293 Parallaxin‚
1336 3242 1504 3285 multo
1532 3240 1795 3284 maiorem
1815 3239 2052 3283 efficeret
2069 3237 2277 3281 Astrum
2297 3236 2402 3280 hoc
2424 3235 2525 3279 No-

319 3315 466 3355 uum,
494 3303 530 3346 fi
556 3303 609 3346 in
630 3301 948 3345 Elementari
968 3300 1192 3356 Regione
1218 3300 1355 3353 esset,
1381 3303 1564 3355 utpote
1584 3302 1768 3343 centro
1787 3299 1965 3342 Terrae
1987 3297 2230 3340 uicinius:
2259 3299 2318 3338 ut
2336 3295 2524 3338 Purba-

320 3362 472 3406 chius
487 3361 670 3406 aBerit.
688 3361 844 3414 Quod
858 3364 1040 3405 autem
1053 3360 1243 3403 nullius
1258 3359 1585 3414 superiorum
1598 3359 1932 3402 Planetarum
1947 3356 2195 3411 sphaeris,
2212 3356 2281 3398 ad
2296 3366 2522 3409 quarum

462 3459 508 3495 ε·
2073 3440 2522 3505 amplitudinem
