2976 4264
678 311 1562 368 PROGYMNASMATUM
1588 310 1906 365 TERTIA
1933 311 2137 365 PARS
2425 313 2517 366 199

302 456 780 510 interturbamur.
797 457 1070 510 Secunda
1084 457 1159 510 ob
1175 457 1386 510 eodem
1398 458 1680 521 temporis
1692 462 2015 516 moment0,
2029 455 2200 508 binas
2213 454 2309 507 vel
2321 461 2518 508 ternas

303 527 614 580 difficulter
638 528 808 581 fimul
833 529 1058 582 dabiles
1084 528 1540 589 obseruationeS,
1571 543 1707 591 quae
1735 530 1913 579 etiam
1938 526 2071 579 satis
2098 529 2211 579 cito
2236 529 2516 587 reiterari,

302 602 384 651 vti
404 606 649 664 oportet,
671 607 987 665 nequeant.
1008 600 1222 662 Tertia,
1243 606 1480 666 propter
1500 598 1870 651 Instrumenti
1884 598 1937 650 &
1949 598 2357 650 subdiuifionis
2372 601 2515 659 eiuS,

185 680 273 724 686
304 686 429 723 non
442 674 709 736 apprime
723 671 932 724 iustam
946 667 967 741 ΙΙ
981 672 1465 738 magnitudinem.
1488 671 1577 722 Ex
1592 669 1686 722 his
1702 673 1950 735 inquam
1970 669 2373 722 occasionibus
2390 669 2516 734 plu-

234 760 256 794 5

211 1115 253 1150 10

210 1473 252 1508 15

206 1830 253 1865 20

207 2186 254 2221 25

209 2898 254 2934 35

208 3253 254 3289 40

305 744 524 794 rimum
550 743 828 796 obstaculi
853 742 1179 809 subrepere,
1207 759 1327 808 quo
1353 745 1553 795 minus
1578 740 1709 794 haec
1728 741 1948 794 subtilis
1968 741 2371 794 Parallaxium
2389 757 2516 806 per-

300 813 589 875 scrutati0,
617 815 693 867 ad
714 821 983 880 optatum
1001 814 1202 875 finem,
1230 817 1373 867 citra
1391 813 1575 866 vllam
1595 815 1809 865 erroris
1832 812 2217 878 suspicionem
2242 811 2516 877 practice-

300 891 411 945 tur,
432 888 560 938 iure
580 889 791 938 merito
811 887 1106 939 asseuerat.
1128 887 1288 938 Licet
1307 886 1359 938 &
1379 885 1567 937 multo
1586 884 1760 949 plura
1779 884 1901 945 fint,
1923 899 2060 949 quae
2081 887 2383 949 negotium
2402 883 2516 936 hoc

300 956 633 1018 inuoluant,
649 957 721 1009 de
733 957 948 1022 quibus
959 973 1120 1010 nunc
1130 973 1256 1009 non
1266 972 1527 1022 agemuS,
1543 971 1680 1008 cum
1692 955 1787 1007 his
1799 955 1950 1015 soliS,
1966 958 2068 1020 qui
2078 955 2517 1007 Astronomiam

302 1027 656 1080 Mechanice
678 1028 731 1080 &
750 1031 813 1080 in
832 1028 955 1094 ipso
977 1029 1164 1089 Caelo,
1190 1028 1391 1080 sedulo
1411 1025 1674 1087 tractare,
1696 1027 1926 1079 diutina
1945 1029 2309 1091 experientia
2328 1024 2517 1079 edotfti

301 1098 447 1160 sunt,
475 1098 771 1165 perspedta
790 1101 894 1152 esse
914 1101 1132 1165 possint.
1163 1100 1408 1153 Certum
1429 1101 1607 1151 etiam
1628 1098 1719 1160 est,
1748 1114 1848 1150 eas
1869 1097 2220 1150 obseruandi
2239 1100 2514 1159 rationeS,

301 1186 437 1235 quae
457 1177 794 1236 temporum
812 1178 1118 1224 momenta
1136 1170 1372 1236 praecise
1394 1173 1626 1236 cognita
1645 1172 1969 1235 requirunt,
1991 1168 2370 1234 ambiguitate
2391 1185 2516 1222 non

300 1257 515 1307 parum
534 1242 846 1307 implicari:
869 1243 1377 1307 quemadmodum
1394 1257 1590 1306 neque
1604 1241 1740 1301 illae,
1762 1256 1899 1305 quae
1912 1240 2251 1293 Azimuthis
2264 1240 2515 1293 fundan-

300 1320 410 1374 tur,
422 1313 556 1366 satis
566 1319 709 1366 tutae
719 1313 866 1375 sunt,
877 1314 952 1366 ob
964 1313 1184 1366 horum
1195 1313 1494 1366 difficilem
1506 1313 1559 1364 &
1569 1315 1746 1364 nimis
1757 1312 2046 1364 lubricam
2056 1312 2514 1373 denotationem,

300 1384 482 1437 modo
497 1384 601 1449 (vti
615 1387 794 1437 etiam
807 1384 1146 1450 requiritur)
1162 1384 1488 1438 admodum
1501 1383 1830 1449 scrupulose
1845 1399 1937 1436 res
1950 1383 2287 1449 peragenda
2298 1386 2512 1436 veniat.

301 1456 371 1508 Et
390 1455 432 1507 fi
451 1456 789 1508 altitudines
813 1456 984 1509 fimul
1009 1457 1314 1521 capiendae
1339 1456 1485 1516 sunt,
1514 1453 1928 1508 exaclissimum
1954 1461 2131 1519 atque
2158 1457 2323 1507 omni
2348 1461 2512 1520 parte

301 1528 645 1580 adamussim
658 1527 1008 1594 dispositum,
1030 1527 1372 1595 affabreque
1387 1527 1821 1580 conformatum
1836 1529 2152 1591 requiritur
2166 1526 2512 1579 Instrumen-

299 1606 443 1660 tum,
455 1601 576 1651 vna
590 1615 726 1651 cum
740 1599 1155 1652 collimationis
1168 1599 1630 1664 promptitudine
1644 1614 1769 1650 non
1781 1598 2025 1663 segniter
2039 1597 2512 1650 administranda.

302 1670 457 1734 Quae
476 1670 614 1723 sane
634 1686 760 1723 non
778 1671 995 1735 vbique
1016 1670 1198 1723 obuia
1217 1670 1362 1722 sunt.
1391 1670 1556 1734 Quin
1576 1669 1629 1721 &
1647 1669 1746 1722 vbi
1767 1685 1872 1734 per
1891 1668 2042 1721 solas
2063 1668 2401 1721 altitudines
2421 1685 2513 1721 res

302 1741 565 1806 expediri
577 1745 804 1807 poterit,
824 1758 1210 1807 nequaquam
1222 1749 1425 1794 tamen
1439 1741 1604 1806 Radij
1622 1741 2014 1793 Astronomici
2027 1740 2389 1792 adminiculo
2403 1740 2513 1792 has

303 1813 406 1877 (vti
419 1820 585 1878 putat
599 1813 939 1879 Diggeseus)
962 1829 1049 1874 ea,
1072 1816 1192 1878 qua
1206 1813 1384 1874 decet,
1405 1812 1762 1878 praecifione,
1784 1812 2050 1864 demetiri
2063 1811 2272 1863 licebit.
2294 1811 2514 1864 Radius

301 1887 463 1937 enim
483 1884 762 1951 distantijs
782 1885 1056 1938 Siderum
1082 1884 1383 1950 capiendis
1407 1887 1643 1950 proprie
1670 1883 1925 1944 inseruit,
1947 1882 2000 1934 δι
2019 1882 2060 1934 fi
2079 1883 2155 1935 ad
2176 1883 2513 1935 altitudines

300 1955 639 2008 scrutandas
659 1956 1046 2022 applicandus
1067 1960 1190 2017 erit,
1215 1954 1417 2009 coac'to
1437 1956 1701 2020 quodam
1720 1955 1918 2015 mod0,
1945 1969 2054 2006 nec
2074 1954 2225 2006 adeo
2247 1955 2513 2018 expedite

302 2027 355 2079 &
373 2034 500 2079 tuto
519 2027 579 2079 id
598 2028 903 2093 praestabit.
931 2028 1060 2080 Imo
1086 2043 1162 2080 ne
1189 2028 1431 2093 quidem
1450 2027 1602 2092 ipsas
1622 2027 1917 2079 distantias
1935 2028 2091 2078 intra
2110 2041 2297 2077 vnum
2316 2025 2412 2077 vel
2431 2025 2512 2077 al-

300 2105 494 2151 terum
508 2099 881 2164 Scrupulum,
897 2102 1042 2152 citra
1055 2102 1268 2152 erroris
1283 2098 1683 2164 suspicionem,
1698 2097 1813 2150 hoc
1827 2097 2293 2157 intermediante‚
2311 2099 2514 2149 rimari

303 2170 657 2222 conceditur.
686 2170 1212 2234 Quemadmodum
1233 2186 1306 2222 ex
1325 2170 1458 2235 ipfis
1478 2169 1746 2235 Diggesei
1765 2184 1870 2234 per
1890 2168 2144 2221 Radium
2162 2167 2342 2229 factiS,
2369 2184 2406 2221 a
2430 2170 2512 2219 vi-

303 2243 448 2293 cinis
463 2241 782 2307 Cassiopeae
798 2242 1006 2304 Stellis,
1028 2243 1227 2295 Nouae
1242 2241 1793 2306 intercapedinibus,
1814 2243 1936 2293 iam
1950 2247 2128 2292 antea
2141 2239 2512 2292 ostendimus,

302 2313 492 2365 Vnius
511 2329 654 2365 vero
673 2313 769 2366 vel
788 2313 1029 2366 alterius
1050 2314 1273 2366 Minuti
1292 2316 1356 2365 in
1376 2312 1655 2378 distantiJ‘s
1679 2311 2082 2377 praefiniendis
2108 2310 2512 2371 hallucinatio,

302 2384 703 2436 Parallaxium
716 2385 1152 2446 enodationem,
1166 2384 1487 2450 praesertim
1496 2384 1595 2437 vbi
1607 2383 1727 2436 illae
1738 2399 1862 2435 non
1873 2382 2198 2435 admodum
2210 2382 2512 2434 euidentes

301 2454 534 2578 fufirint,
555 2455 631 2508 ob
650 2456 839 2509 multo
858 2459 1150 2509 maiorem
1168 2459 1232 2508 in
1250 2455 1345 2508 his
1365 2456 1783 2516 deuiationem‚
1805 2453 2164 2507 excusationi
2177 2453 2375 2505 locum
2388 2468 2513 2505 non

302 2542 365 2578 re
394 2529 596 2591 'nquit.

376 2597 464 2649 Ex
483 2598 698 2662 quibus
718 2599 995 2651 omnibus
1014 2598 1241 2663 liquido
1260 2605 1435 2663 patet,
1455 2601 1556 2650 vix
1568 2612 1757 2649 vnum
1772 2596 1868 2648 vel
1887 2595 2139 2648 alterum
2159 2610 2368 2647 eorum
2387 2610 2511 2646 mo-

303 2668 533 2729 dorum,
562 2685 712 2733 quos
732 2669 1050 2734 Diggeseus
1075 2672 1140 2721 in
1164 2669 1279 2721 suis
1299 2668 1684 2721 Problematis
1709 2670 1773 2719 in
1797 2667 2062 2718 medium
2088 2666 2289 2727 adfert,
2316 2665 2511 2718 Paral-

303 2739 532 2862 }axium
550 2739 916 2792 subtilissimae
936 2740 1407 2806 peruestigationi
1425 2740 1825 2804 vndiquaque‚
1853 2753 1974 2802 quo
1996 2737 2072 2790 ad
2095 2737 2329 2798 Praxin,
2355 2736 2511 2789 satis-

326 2825 511 2863 acere.

376 2881 531 2933 Inter
552 2897 624 2933 ea
643 2897 801 2943 vero,
830 2897 965 2946 quae
985 2884 1262 2947 proponit
1280 2882 1357 2934 ad
1377 2880 1766 2933 Phaenomeni
1786 2879 2123 2932 Parallaxin
2141 2878 2508 2931 scrutandam

302 2951 579 3005 facientia
590 2952 978 3014 Problemata,
994 2959 1249 3017 quatuor
1261 2955 1461 3017 priora
1471 2968 1509 3005 a
1520 2952 1750 3004 decimo
1760 2966 1946 3015 vsque
1958 2954 2021 3002 in
2032 2951 2327 3003 decimum
2339 2966 2510 3014 quar-

302 3031 446 3085 tum,
472 3023 590 3088 ipse
617 3023 934 3089 Diggeseus
959 3027 1157 3076 minus
1183 3024 1309 3076 vsui
1334 3023 1721 3076 accommoda
1747 3023 1850 3075 esse
1877 3021 2111 3082 censuit,
2141 3021 2511 3086 praeferendo

301 3101 503 3146 tamen
522 3097 586 3146 in
605 3093 698 3146 his
719 3095 838 3146 duo
858 3097 1073 3159 priora,
1094 3095 1413 3160 praesertim
1426 3095 1738 3147 decimum.
1760 3093 2009 3158 Reliqua
2023 3096 2227 3144 omnia
2239 3092 2372 3145 satis
2385 3098 2510 3144 tuto

304 3165 356 3217 &
370 3166 697 3227 commode,
714 3167 874 3230 quod
888 3166 1166 3231 distantiis
1179 3167 1530 3231 potissimum
1542 3169 1883 3225 niterentur,
1899 3167 2226 3229 promptius
2242 3163 2509 3216 obserua-

302 3236 533 3298 bilibus‚
562 3243 892 3301 caeteraque
918 3237 1191 3301 requisita
1215 3239 1414 3303 nimijs
1441 3236 1880 3290 difficultatibus
1906 3251 2030 3287 non
2053 3235 2509 3300 implicarentur,

302 3307 435 3360 satis
460 3308 611 3360 bene
637 3307 693 3359 se
719 3307 956 3368 habere,
984 3307 1036 3359 &
1062 3308 1373 3360 commode
1400 3311 1543 3360 citra
1572 3323 1848 3367 errorem,
1878 3306 2003 3358 vsui
2031 3306 2315 3371 applicari
2342 3306 2509 3370 posse,

303 3381 578 3442 opinatus
599 3378 689 3430 est.

375 3472 387 3481 .
2287 3447 2510 3498 Verum
