2976 4264
686 304 1564 359 PROGYMNASMATUM
1591 305 1903 357 TERTIA
1930 306 2133 358 PARS
2443 307 2511 358 77

312 451 450 503 dam
469 452 649 501 trium
668 448 764 500 vel
784 455 1038 513 quatuor
1057 450 1424 499 minutorum
1444 447 1825 512 depraehensa
1850 448 2043 508 fuerin
2070 454 2269 500 tamen
2294 447 2349 499 se
2377 463 2510 499 cum

192 531 280 575 562
311 521 522 586 saepius
537 516 557 589 ΙΙ
571 520 730 572 idern
743 521 1009 580 tentArat,
1024 518 1174 570 nihil
1188 521 1326 570 certi
1341 519 1715 571 consecutum
1728 518 1960 571 fatetur:
1983 519 2279 571 Existimat
2298 518 2511 571 nihilo-

239 753 261 787 5

220 1107 263 1142 10

219 1463 262 1498 1⁵

215 2174 261 2209 25

218 2885 265 2920 35

310 595 510 644 minus
535 591 769 656 prorsus
789 590 1018 642 nullam
1037 589 1210 651 fuisse,
1238 590 1414 655 idque
1437 590 1570 642 satis
1590 606 1726 642 vere
1746 593 2113 655 pronunciat,
2139 590 2320 642 modo
2341 606 2511 655 aeque

309 664 459 716 bene
481 678 512 714 e
532 665 673 715 ratis
695 660 1233 722 ObseruationibuS‚
1254 664 1335 713 vti
1355 661 1564 722 decuit,
1585 661 1834 726 idipsum
1854 661 2291 714 demonstrasset.

382 734 560 797 Quod
581 740 781 786 autem
801 748 919 794 eOS,
941 735 1043 797 qui
1058 732 1490 796 aliquantulam
1505 732 1840 784 Parallaxin
1855 732 2401 797 depraehenderunt,
2423 748 2511 784 ra-

310 808 470 858 tione
484 820 792 870 vaporum,
813 806 1105 856 matutino
1125 803 1443 867 praesertim
1462 810 1725 867 tempore
1740 804 2057 855 Horizonti
2074 803 2513 855 obuersantium

311 876 559 937 excusat,
574 892 699 927 non
711 875 844 927 satis
859 873 1263 939 circumspeete
1278 877 1409 939 agit.
1424 875 1689 939 Vapores
1705 877 1864 926 enirn
1874 875 1959 926 illi
1970 890 2073 939 per
2085 872 2513 926 RefraCtionem

311 947 554 1001 Stellam
579 947 848 999 altiorem
874 961 1159 1011 apparere
1185 945 1448 1006 fecissent,
1476 961 1658 1010 quam
1684 961 1894 998 reuera
1912 945 2036 1006 fuit,
2059 945 2111 997 &
2130 961 2513 1010 nequaquam

311 1019 715 1083 depressiorem
746 1017 1123 1069 reddidissent.
1158 1017 1416 1080 Ideoque
1445 1016 1782 1069 Parallaxin
1810 1017 1852 1068 fi
1881 1033 2001 1081 qua
2033 1018 2174 1078 esset,
2207 1019 2401 1081 potius
2431 1023 2511 1068 at-

310 1090 644 1149 tenuassent,
666 1104 848 1153 quam
868 1088 1027 1152 quod
1046 1087 1212 1139 illam
1225 1087 1597 1139 adauxissent.
1619 1087 1732 1140 Sed
1747 1088 2033 1139 ostensum
2047 1088 2122 1139 est
2136 1103 2173 1139 a
2185 1087 2356 1139 nobis
2370 1087 2511 1140 Stel-

310 1161 433 1213 lam
451 1159 607 1212 hanc
627 1160 888 1220 Nouam,
916 1161 1095 1211 etiam
1113 1161 1177 1210 in
1197 1158 1501 1210 decliuiori
1520 1158 1642 1219 fitu,
1671 1159 1821 1210 adeo
1846 1159 2020 1223 supra
2039 1159 2431 1211 Horizontem
2450 1161 2514 1210 in

310 1238 432 1284 tota
444 1231 773 1284 Germania
787 1229 1104 1282 exaltatam
1117 1229 1290 1290 fuisse,
1304 1237 1364 1281 vt
1377 1229 1527 1281 nulli
1540 1229 1784 1282 senfibili
1796 1228 2176 1282 Refractiom‘s
2186 1232 2327 1281 vitio
2341 1230 2514 1282 fuerit

311 1302 586 1355 obnoxia.

381 1374 617 1425 Incuria
628 1375 801 1437 igitur
815 1371 1255 1424 Obseruationis
1270 1371 1322 1422 &
1337 1371 1859 1423 Instrumentorum
1871 1370 2089 1425 facturn
2103 1371 2194 1432 est,
2210 1372 2369 1436 quod
2382 1371 2512 1423 haec

310 1444 490 1498 Stella
515 1443 812 1508 aliquibus
837 1442 1175 1495 Parallaxin
1199 1458 1527 1507 paucorum
1553 1446 1921 1495 minutorum
1948 1443 2259 1503 insinuare,
2290 1443 2510 1507 deprae-

309 1515 492 1568 hensa
515 1515 594 1567 fit.
625 1515 924 1566 Immerito
950 1516 1122 1578 igitur
1147 1514 1207 1565 id
1232 1514 1551 1578 vaporibus
1578 1514 1929 1574 attribuitur;
1959 1514 2064 1565 nifi
2088 1514 2235 1566 forte
2261 1529 2512 1578 vapores

309 1587 393 1639 isti
413 1589 476 1638 in
496 1586 670 1638 oculo
685 1584 1035 1650 Spectatoris
1055 1585 1336 1637 nebulam
1355 1587 1551 1649 potius
1568 1601 1749 1649 quam
1769 1585 1922 1637 infra
1936 1585 2176 1637 Stellam
2191 1587 2510 1646 excitarint,

309 1657 583 1722 hancque
603 1656 940 1709 Parallaxin
966 1655 1271 1717 causarint‚
1300 1655 1537 1720 eiusque
1563 1663 1899 1708 accuratam
1925 1656 2387 1708 collimationem
2405 1659 2510 1707 im-

309 1730 613 1794 pedierint.

382 1801 646 1852 Demum
660 1798 901 1852 Stellam
920 1798 1077 1850 hanc
1090 1800 1475 1862 nequaquam
1487 1798 1642 1850 infra
1656 1798 1890 1850 Lunam
1908 1798 2081 1859 fuisse,
2104 1798 2156 1850 &
2175 1814 2250 1850 ne
2272 1798 2511 1862 quidem

309 1874 464 1924 intra
476 1871 856 1923 Planetarum
870 1869 1059 1923 Orbes
1078 1872 1185 1921 rite
1207 1869 1435 1935 coHigit‚
1457 1870 1870 1934 reliquumque
1892 1871 1995 1921 esse
2015 1872 2111 1930 ait,
2133 1876 2194 1921 vt
2206 1872 2385 1921 autin
2400 1869 2509 1922 Oc-

309 1950 451 1996 tauo
482 1942 657 2003 Orbe,
687 1948 789 1994 aut
818 1942 1016 2002 Non0‚
1047 1948 1149 1993 aut
1178 1941 1446 2001 Decimo,
1475 1940 1670 1993 forsan
1699 1943 1876 1993 etiam
1903 1941 2198 2005 superiore
2228 1943 2511 2005 quopiam

311 2014 597 2066 collocata
615 2013 803 2065 fuerit.
830 2012 984 2077 Quae
1005 2012 1077 2064 de
1099 2011 1328 2065 Octauo
1349 2015 1446 2073 ait,
1467 2028 1592 2064 non
1612 2015 1932 2077 incongrue
1952 2015 2325 2076 pronunciat;
2354 2011 2509 2063 Con-

309 2085 439 2138 stitit
468 2088 629 2137 enirn
656 2084 787 2136 haec
816 2083 996 2137 Stella
1024 2086 1271 2136 omnino
1300 2083 1460 2148 apud
1488 2083 1718 2148 reliqua
1748 2082 1993 2136 Odtauae
2023 2082 2285 2147 Sphaerae
2310 2082 2511 2134 Affixa

311 2156 531 2218 Sidera,
557 2156 653 2208 sed
680 2156 840 2220 quod
866 2155 1115 2207 Nonum
1141 2155 1194 2206 &
1219 2155 1538 2207 Decimum
1562 2154 1872 2219 pluresque
1900 2155 2087 2207 Orbes
2114 2154 2288 2215 addit,
2318 2153 2509 2218 super-

310 2227 502 2280 fluum
531 2227 622 2279 est.
656 2227 815 2280 Facit
842 2227 902 2279 id
931 2229 1213 2291 opinione
1243 2242 1467 2288 eorum,
1501 2229 1604 2291 qui
1634 2224 1878 2279 Octauae
1909 2226 2171 2290 Sphaerae
2199 2231 2429 2277 motum
2459 2224 2511 2276 &

310 2298 702 2351 vniuersalem
720 2297 1158 2350 reuolutionem
1174 2313 1278 2362 per
1292 2297 1441 2349 alios
1456 2297 1740 2362 quosdam
1752 2297 1999 2362 superne
2013 2296 2309 2361 impofitos
2324 2296 2511 2349 Orbes

313 2370 604 2430 excusare,
630 2370 726 2421 sed
750 2369 1058 2421 molimine
1084 2372 1263 2430 irrit0‚
1294 2372 1489 2421 conati
1513 2369 1658 2429 sunt,
1686 2384 1822 2420 cum
1847 2368 1996 2420 nulli
2021 2371 2084 2419 in
2107 2367 2275 2420 Caelo
2301 2383 2510 2419 reuera

311 2441 418 2494 fint
436 2441 624 2493 reales
645 2440 851 2502 OrbeS,
871 2456 980 2492 nec
998 2456 1151 2492 vnus
1171 2440 1357 2492 alium
1375 2439 1569 2492 trahat
1588 2446 1690 2492 aut
1709 2439 1987 2504 impellat,
2007 2446 2067 2490 vt
2085 2438 2228 2490 falso
2248 2454 2286 2490 a
2305 2454 2508 2503 quam-

311 2512 581 2578 plurimis
601 2511 886 2565 hactenus
906 2512 1191 2564 creditum
1211 2511 1301 2572 est,
1327 2527 1435 2563 ceu
1453 2511 1557 2563 suo
1577 2510 1868 2574 Tempore
1889 2511 1941 2562 &
1960 2510 2092 2562 loco
2113 2513 2370 2574 apertius
2388 2525 2511 2561 ma-

311 2583 726 2636 nifestabimuS.

385 2654 539 2718 Quae
563 2654 934 2719 postmodum
958 2652 1132 2705 refert
1152 2653 1223 2704 de
1243 2655 1605 2704 incremento
1626 2652 1678 2704 81
1699 2653 2070 2704 decremento
2095 2652 2514 2716 magnitudinis

313 2725 366 2777 &
379 2725 621 2777 luminis
634 2724 813 2777 huius
825 2724 1036 2785 Stenae,
1052 2739 1176 2775 non
1190 2723 1532 2775 omnimode
1545 2726 1923 2775 conueniunt.
1940 2724 2340 2787 Nequaquam
2354 2726 2514 2774 enim

313 2796 492 2849 Stella
511 2795 642 2848 haec
661 2798 725 2847 in
744 2796 1075 2847 Nouembri
1094 2797 1290 2846 minor
1309 2794 1433 2855 fuit,
1460 2795 1611 2846 adeo
1631 2801 1691 2846 vt
1710 2801 1849 2846 tunc
1868 2792 2187 2846 Arcturum
2205 2793 2407 2845 saltem
2426 2809 2512 2845 re-

313 2867 502 2928 ferret,
542 2883 725 2931 quam
754 2866 951 2918 versus
986 2865 1170 2918 finem
1202 2865 1561 2926 DecembriS‚
1601 2866 1841 2930 quando
1873 2865 2080 2917 Iouem
2110 2865 2512 2930 magnitudine

314 2939 578 3003 aequasse,
595 2941 695 2990 vait.
717 2938 855 2990 Erat
869 2940 1029 2989 enim
1042 2939 1106 2988 in
1119 2936 1450 2988 Nouembri
1464 2939 1735 2989 omnium
1747 2939 2026 2997 maxima,
2048 2943 2223 3000 atque
2237 2943 2376 2987 tunc
2390 2951 2514 2987 non

313 3010 503 3061 solum
522 3009 744 3069 Iouem,
771 3008 867 3060 sed
888 3008 940 3059 &
959 3008 1253 3059 Venerem
1278 3007 1382 3059 sua
1400 3007 1605 3060 vifibili
1629 3011 1950 3072 quantitate
1977 3006 2383 3059 aemulabatur.
2410 3007 2511 3058 At-

314 3096 430 3145 que
459 3083 522 3132 in
551 3080 865 3132 Decembri
895 3079 1196 3131 successiue
1229 3078 1553 3130 decrescere
1587 3082 1772 3143 caepit,
1806 3079 1964 3143 quod
1995 3078 2047 3130 &
2075 3078 2330 3130 aliorum
2361 3093 2511 3142 pene

315 3154 585 3204 omnium
603 3151 879 3203 testantur
898 3149 1453 3202 animaduersiones,
1481 3150 1729 3214 Reliqua
1748 3166 1883 3215 quae
1904 3150 1976 3202 de
1996 3152 2409 3201 imminutione
2430 3151 2511 3213 ip-

314 3222 427 3275 fius
452 3223 809 3287 pedetentim
834 3219 1002 3281 facta,
1029 3221 1206 3285 vsque
1231 3223 1295 3272 in
1321 3220 1842 3273 consummationis
1867 3220 2049 3272 finem
2073 3227 2510 3280 commemorat,

313 3294 682 3346 mediocriter
706 3293 857 3345 bene
882 3292 938 3344 se
964 3291 1199 3352 habent,
1226 3307 1334 3343 nec
1360 3307 1398 3344 a
1422 3292 1614 3344 nostra
1639 3292 2015 3345 denotatione
2038 3292 2291 3343 multum
2311 3291 2510 3342 discre-

312 3371 471 3429 pant.

2333 3432 2509 3495 Quod
