2976 4264
160 1103 202 1136 10

158 1458 200 1492 15

157 2171 204 2205 25

162 2882 208 2917 35

162 3237 209 3272 40

625 300 1504 354 PROGYMNASMATUM
1531 298 1846 351 TERTIA
1871 299 2075 352 PARS
2375 303 2455 354 119

250 444 299 496 2.
323 441 359 509 l.
379 443 454 495 41.
477 440 537 509 ll.
558 443 857 495 Altissimae
878 450 1080 495 autem
1101 441 1136 509 l.
1157 444 1207 496 Ο.
1231 441 1249 510 Ι
1256 441 1291 509 Ι.
1307 444 1380 496 31.
1403 442 1616 508 quibus
1635 441 1805 494 fimul
1825 441 2078 495 collectis
2097 446 2457 507 proueniunt

250 515 299 567 3.
323 512 359 581 Ι.
381 514 454 566 12.
477 511 537 580 ll.
565 515 845 579 Hincque
871 521 1028 579 patet
1054 515 1214 579 quod
1240 514 1436 567 adhuc
1456 515 1631 567 altius
1651 513 1973 565 attollenda
1991 513 2055 565 fit
2075 514 2255 567 Stella
2274 530 2457 579 quam

251 585 403 638 Solis
416 586 667 651 Apogaei
679 585 788 638 fert
801 589 1068 647 remoti0,
1082 585 1124 637 fi
1138 586 1210 638 12.
1223 584 1240 652 l
1247 583 1282 652 l.
1298 586 1400 638 illa
1413 584 1647 651 prorsus
1661 584 1953 636 absorberi
1967 585 2179 637 debent
2192 592 2252 637 vt
2265 586 2455 651 paral-

249 657 414 709 laxes
433 657 690 709 discretae
711 657 760 709 3.
778 655 813 723 l.
834 657 1070 722 praecise
1092 664 1469 722 componant.
1491 658 1748 720 Ideoque
1764 655 1983 708 Solaris
2004 656 2160 708 orbis
2179 657 2455 722 supremi-

248 734 430 780 tatem
448 728 534 781 80.
554 734 726 780 10118
751 728 1194 780 semidiametris
1218 728 1598 788 transcendet,
1625 729 1707 779 ita
1731 733 1791 778 vt
1815 734 1938 779 tota
1964 730 2091 779 eius
2118 744 2155 780 a
2179 732 2346 781 terris
2369 745 2454 781 re-

249 802 434 852 motio
466 800 611 852 1260.
645 802 868 852 circiter
899 799 1361 852 semidiametros
1400 800 1698 864 adaequet:
1738 798 1898 863 quod
1936 799 2455 864 Landgrauianam

250 874 700 923 annotationem
720 871 840 923 200.
862 870 1044 923 ferme
1066 871 1306 923 excedit.
1335 871 1545 935 Sicque
1568 874 1631 922 in
1652 869 1962 934 Sphaeram
1992 874 2040 929 d·
2070 873 2237 922 iuxta
2255 871 2454 937 vulga-

250 945 387 994 riter
400 948 696 1007 receptam
706 942 1010 994 Ptolemaei
1023 945 1348 994 imitatione
1362 943 1613 995 Orbium
1625 940 1966 994 Coelestium
1979 941 2454 1004 distributionem,

251 1013 592 1066 ascendisset.
622 1013 880 1079 Contigit
898 1020 1099 1066 autem
1118 1013 1248 1065 1180
1269 1013 1668 1078 discrepantia,
1694 1028 1876 1077 quam
1894 1012 1993 1064 ille
2013 1012 2146 1077 plus
2167 1029 2350 1077 quam
2369 1017 2454 1065 in-

249 1091 411 1150 tegra
428 1084 603 1137 solari
616 1084 864 1149 Sphaera
877 1084 1260 1136 decliuiorem
1280 1100 1353 1136 ex
1372 1084 1486 1136 hac
1501 1085 1710 1136 eadem
1723 1083 2012 1147 parallaxi
2026 1084 2289 1145 reddidit,
2312 1101 2455 1150 quo-

250 1159 416 1208 niam
447 1155 828 1221 compositam
859 1155 1251 1208 diuerfitatem
1282 1172 1407 1207 non
1437 1155 1791 1221 segregatim,
1827 1154 2008 1206 veluti
2039 1158 2161 1207 iam
2192 1155 2454 1218 fecimuS,

252 1227 542 1291 expendit.
566 1227 1091 1290 Quemadmodum
1111 1230 1289 1278 etiam
1308 1227 1601 1279 Peucerus
1620 1230 1684 1278 in
1704 1225 1987 1278 confimili
2005 1230 2242 1291 negotio
2262 1227 2456 1292 lapsus

252 1298 344 1358 011,
363 1298 546 1350 veluti
567 1301 694 1350 eius
713 1297 911 1350 literas
931 1298 1293 1363 disquisituri,
1314 1298 1515 1363 palam
1535 1298 1863 1350 reddemus.

323 1368 635 1422 Rectissime
665 1376 866 1421 autem
894 1370 1133 1429 inducit,
1166 1369 1407 1421 Stellam
1439 1369 1595 1421 hanc
1623 1385 1748 1421 non
1776 1369 1934 1420 fuisse
1963 1371 2027 1420 in
2056 1369 2312 1434 Regione
2342 1370 2454 1422 ele-

248 1443 517 1501 mentari,
540 1440 639 1492 vbi
659 1440 882 1506 Phyfici
903 1441 1184 1493 Cometas
1203 1443 1472 1505 generari
1493 1441 1839 1492 existimant:
1868 1443 2144 1504 quamuis
2166 1441 2251 1492 illi
2272 1440 2324 1492 81
2343 1440 2457 1493 1100

250 1514 394 1564 01113
419 1527 662 1564 0111110111
687 1518 878 1564 1313111
905 1514 1330 1576 experientiam
1352 1513 1611 1573 asserant,
1632 1519 1692 1564 vt
1711 1511 1852 1564 alibi
1873 1510 2243 1564 ostendimus,
2264 1513 2321 1563 A
2343 1513 2457 1565 Co-

249 1586 419 1635 metis
445 1590 646 1635 autem
672 1589 1070 1648 competenter
1096 1583 1362 1635 discernit
1387 1582 1544 1635 hanc
1570 1583 1828 1643 Stellam,
1854 1583 2189 1647 Vbicunque
2219 1583 2459 1636 tandem

249 1654 335 1706 illi
360 1661 757 1719 procreentur,
786 1654 861 1706 ob
887 1654 1360 1707 immobilitatem
1381 1670 1500 1719 qua
1524 1657 1588 1706 in
1609 1654 1819 1706 eodem
1841 1653 1992 1706 Caeli
2016 1653 2148 1706 loco
2174 1662 2457 1719 perpetuo

251 1726 510 1778 constitit.
538 1726 793 1791 Assignat
812 1733 1014 1778 autem
1033 1725 1194 1778 hunc
1213 1725 1396 1791 paulo
1417 1725 1585 1777 aliter
1605 1741 1787 1790 quam
1807 1731 1998 1786 antea,
2025 1741 2254 1789 ponens
2274 1726 2457 1792 longi-

249 1797 517 1850 tudinem
535 1800 599 1849 in
618 1798 677 1849 P.
693 1798 743 1850 6.
767 1795 803 1863 l.
818 1797 888 1850 58
909 1799 987 1858 8.
1010 1797 1189 1861 Quod
1207 1799 1452 1862 propius
1472 1797 1681 1849 nostrae
1702 1796 2201 1849 animaduersioni
2220 1797 2457 1850 accedit.

250 1868 576 1921 Abundant
596 1872 757 1921 enim
776 1885 936 1920 nunc
956 1868 1158 1920 saltem
1178 1869 1227 1920 4.
1249 1871 1456 1920 minut.
1485 1868 1554 1920 In
1576 1868 1883 1920 latitudine
1906 1883 2088 1932 quam
2107 1871 2272 1932 ponit
2292 1869 2350 1920 P.
2372 1869 2456 1921 53.

253 1937 288 2006 s.
310 1940 396 1992 36.
416 1955 576 1992 nunc
601 1940 783 2005 paulo
809 1940 942 2004 plus
969 1955 1152 2004 quam
1178 1946 1355 1992 antea
1374 1939 1567 1992 deficit
1586 1946 1784 2005 vtpote
1803 1942 2010 1991 minut.
2031 1939 2081 1991 9.
2107 1939 2220 1991 Sed
2241 1955 2376 1991 cum
2396 1943 2459 1991 in

250 2011 424 2076 globo
457 2012 720 2076 quodam
752 2027 924 2063 81100
955 2011 1225 2076 tripedali
1260 2027 1381 2076 quo
1419 2011 1495 2063 ad
1533 2011 1904 2072 diametrum,
1943 2010 2073 2062 1180
2106 2010 2458 2063 Μο011311100

250 2082 533 2135 scrutatus
553 2082 632 2144 fit,
657 2083 733 2135 ad
754 2080 1022 2135 exactam
1040 2082 1445 2147 praecifionem
1463 2085 1776 2147 peruenire
1796 2098 1921 2134 non
1941 2081 2206 2134 dabatur.
2234 2082 2303 2134 In
2327 2082 2459 2146 ipfis

249 2156 432 2219 etiam
443 2154 806 2219 temporibus
826 2162 1203 2219 acceptorum
1216 2154 1679 2206 Azimuthorum
1699 2161 1876 2218 atque
1896 2153 2274 2206 altitudinum
2295 2154 2460 2218 (nam

252 2224 365 2277 hac
396 2228 496 2277 via
526 2225 983 2291 inuestigationis
1015 2228 1192 2277 nimis
1223 2225 1450 2277 lubrica
1479 2233 1620 2276 tunc
1651 2224 1979 2288 incedebat)
2010 2227 2288 2289 exiguum
2318 2226 2460 2289 quid

255 2295 614 2358 discriminis,
644 2296 844 2349 locum
872 2297 1068 2349 Stellae
1096 2296 1430 2349 sensibiliter
1458 2296 1708 2349 alterare
1736 2296 1938 2356 valuit,
1968 2302 2028 2347 vt
2056 2296 2254 2347 videre
2285 2296 2359 2348 est
2389 2312 2461 2348 ex

253 2367 385 2432 ipfis
413 2367 936 2420 Obseruationibus
962 2371 1026 2420 in
1050 2370 1339 2433 principio
1369 2368 1766 2420 antecedentis
1792 2370 1996 2432 capitis
2024 2366 2397 2419 Geometrice
2424 2384 2462 2419 a

254 2439 425 2491 nobis
454 2441 518 2491 in
546 2455 828 2491 numeros
856 2439 1136 2501 resolutis.
1158 2440 1328 2504 'quod
1356 2455 1481 2491 non
1511 2439 1768 2491 eundem
1793 2439 2009 2502 vbique
2036 2438 2230 2490 Stellae
2260 2438 2458 2490 locum

254 2510 572 2574 praebeant,
584 2526 779 2575 neque
794 2527 930 2562 cum
943 2510 1052 2572 his,
1066 2526 1202 2575 quae
1217 2510 1460 2575 Ipsemet
1470 2511 1745 2574 Princeps
1760 2509 2060 2569 constituit,
2075 2509 2307 2573 prorsus
2322 2525 2457 2561 con-

254 2581 517 2633 sentiant.
552 2581 731 2645 Quod
760 2582 1084 2634 decreuerit
1114 2581 1245 2633 1180
1275 2581 1454 2634 Stella
1482 2588 1658 2645 atque
1688 2581 1764 2633 ad
1793 2580 2299 2632 consumationem
2326 2596 2457 2645 pro-

255 2654 471 2717 perarit
490 2668 894 2718 magnumque
915 2656 978 2704 in
998 2669 1070 2704 ea
1089 2668 1151 2704 re
1171 2653 1404 2704 latuerit
1420 2652 1791 2713 miraculum,
1812 2650 1963 2703 redte
1982 2652 2338 2703 asseuerauit.
2360 2652 2460 2703 An

256 2730 458 2775 autem
488 2723 725 2776 secundi
756 2724 1048 2776 aduentus
1079 2723 1290 2775 Christi
1318 2726 1381 2774 in
1412 2723 1638 2784 Gloria,
1672 2722 2177 2787 quemadmodum
2209 2722 2393 2774 altera
2424 2738 2461 2774 a

257 2794 454 2859 Magis
484 2793 789 2859 conspecta
815 2796 991 2859 primi
1019 2797 1082 2846 in
1111 2810 1286 2846 carne
1315 2797 1662 2858 praenuncia
1690 2794 1879 2854 fuerit,
1911 2809 2035 2845 non
2065 2794 2328 2845 dixerim.
2360 2794 2460 2844 Pie

258 2865 497 2929 quidem
528 2865 581 2917 &
609 2865 987 2929 plaufibiliter
1014 2865 1157 2917 talia
1183 2865 1582 2930 proferuntur:
1615 2865 1774 2917 Certi
1802 2872 2002 2916 tamen
2030 2864 2254 2928 aliquid
2280 2867 2343 2916 in
2368 2864 2460 2916 his

257 2935 616 2997 constituere,
637 2936 733 2988 vel
752 2936 874 3001 ipso
894 2937 1160 3002 Principe
1180 2952 1305 2988 non
1325 2939 1503 2988 etiam
1522 2937 1782 2988 assertiue
1802 2935 1931 2987 1180
1952 2942 2334 3000 proponente,
2360 2939 2460 2987 vix

257 3007 442 3059 datur.

330 3078 505 3131 Circa
518 3094 748 3130 annum
761 3078 881 3130 398.
898 3078 1258 3130 confimilem
1272 3078 1575 3143 quandam
1588 3078 1827 3130 illuxisse
1843 3078 2083 3131 Stellam
2095 3093 2167 3130 ex
2180 3077 2460 3129 historicis

256 3152 356 3201 vix
369 3149 503 3201 satis
516 3156 641 3201 tuto
655 3149 951 3214 probatur.
968 3149 1058 3201 Illi
1073 3152 1231 3201 enim
1245 3156 1304 3201 vt
1317 3149 1642 3214 plurimum
1655 3165 1866 3214 parum
1878 3148 2303 3210 Mathematici,
2319 3148 2459 3201 Stel-

256 3220 345 3273 las
365 3237 402 3273 a
420 3220 476 3272 se
496 3223 756 3272 inuicem
775 3220 1096 3272 discernere
1117 3227 1294 3285 atque
1309 3237 1346 3273 a
1361 3221 1622 3273 Cometis
1642 3237 1766 3272 non
1787 3221 2065 3280 caudatis,
2087 3220 2293 3284 quales
2313 3236 2459 3271 non-

139 3300 226 3343 605
257 3287 617 3360 nun-uquam
640 3291 1073 3356 conspiciuntur
1099 3291 1181 3356 (vt
1202 3292 1254 3344 &
1273 3293 1455 3343 Anno
1476 3293 1620 3345 1585.
1642 3291 1887 3356 Ipsemet
1907 3291 2163 3343 Illustriss.
2185 3291 2460 3356 Princeps

260 3363 559 3426 quendam
586 3363 955 3423 eiuscemodi,
984 3379 1108 3414 non
1133 3366 1332 3414 minus
1358 3379 1540 3427 quam
1567 3379 1690 3429 ego,
1721 3363 2070 3423 Obseruauit,
2097 3370 2156 3414 vt
2182 3362 2284 3414 suo
2311 3362 2459 3422 1000,

2325 3448 2460 3484 011111
