2976 4264
480 341 572 394 106
982 334 1590 388 ASTRONOMIAE
1617 335 2184 388 INSTAURATAE

478 482 576 525 toti
593 477 838 523 Terrestri
859 476 1029 519 Globo
1050 476 1285 529 aequales
1305 474 1420 525 esse,
1450 474 1536 516 sed
1561 474 1714 529 longe
1740 474 1887 517 illum
1912 475 2002 518 sua
2021 474 2381 529 magnitudine
2400 475 2679 518 excedere:

480 541 615 583 adeo
636 542 693 581 ut
711 537 801 580 uix
822 536 998 589 aliqua
1016 537 1130 576 tam
1151 533 1338 588 exigua
1351 533 1405 575 in
1418 532 1777 580 Firmamento
1799 534 2150 589 conspiciatur
2164 535 2338 586 Stella,
2362 534 2487 588 quin
2507 534 2683 577 decies

481 598 640 642 octies
661 598 729 639 ad
750 595 1045 645 minimum,
1073 596 1342 636 terrenam
1362 593 1564 635 molem
1591 596 1865 647 exuperet;
1895 596 1954 636 ut
1978 596 2192 637 taceam
2220 593 2424 647 aliquas
2450 593 2682 648 primum

478 659 739 701 honorem
755 654 1065 704 obtinentes,
1083 652 1279 695 centies
1295 651 1571 705 quinquies
1584 652 1805 695 Terram
1818 652 2178 708 magnitudine
2193 653 2467 696 excedere.
2490 653 2549 695 Id
2562 652 2684 695 licet

478 716 654 759 multis
673 712 977 756 incredibile
996 711 1260 754 uideatur:
1282 713 1466 754 tamen
1484 710 1800 754 immensam
1821 723 2009 755 earum
2030 724 2062 754 a
2081 712 2234 755 nobis
2249 711 2548 755 distantiam
2563 722 2684 755 con·

478 773 736 824 fideranti,
760 773 962 814 nullum
984 770 1223 814 mouebit
1243 769 1479 812 dubium.
1509 769 1845 825 Quapropter
1864 772 1954 815 etfi
1973 771 2094 815 haec
2117 771 2272 815 Noua
2292 771 2466 823 Stella,
2495 771 2683 825 exigua

479 845 583 889 quo
611 834 679 876 ad
704 831 874 874 uisum
901 833 1178 884 appareat:
1205 831 1388 872 tamen
1413 840 1603 872 reuera
1628 830 1893 885 ingentem
1919 831 2082 874 habet
2101 830 2533 885 magnitudinem.
2563 830 2684 873 Non

476 897 657 936 tamen
679 892 883 945 semper
902 889 1133 932 eiusdem
1155 888 1400 943 apparuit
1415 889 1734 942 quantitatis.
1758 889 1898 933 Nam
1913 890 1979 933 ab
1995 890 2157 942 initio,
2181 890 2358 933 Mense
2375 888 2681 940 Nouembri,

478 964 582 1006 quo
610 950 841 1006 primum
869 948 1099 1003 conspici
1125 948 1298 1003 caepit,
1325 959 1433 991 non
1455 948 1623 991 solum
1644 960 1832 992 omnes
1852 949 2039 992 Stellas
2060 949 2229 1001 Fixas‚
2258 949 2344 993 sed
2363 949 2501 1003 ipsos
2522 948 2684 991 etiam

476 1013 729 1061 Planetas‚
759 1009 799 1051 81
827 1008 1041 1063 quidem
1069 1008 1253 1051 Iouem
1278 1010 1394 1050 tum
1413 1007 1590 1051 Terrae
1610 1008 1933 1062 proximum,
1955 1008 2275 1063 Venerisque
2300 1008 2492 1051 illustre
2513 1007 2682 1060 Sidus,

476 1069 660 1113 uifibili
681 1068 972 1123 quantitate
993 1066 1318 1122 exuperauit,
1340 1067 1521 1121 postea
1539 1067 1798 1121 paulatim
1818 1067 2060 1111 imminui
2081 1067 2255 1122 caepit,
2278 1068 2414 1111 adeo
2430 1070 2489 1110 ut
2506 1067 2684 1110 Mense

477 1128 777 1180 Decembri,
806 1127 919 1171 Ioui
945 1126 1055 1170 fere
1081 1129 1400 1180 aequaretur‚
1427 1126 1481 1168 in
1507 1127 1770 1179 Ianuario,
1798 1127 1886 1171 illo
1912 1128 2073 1182 paulo
2099 1127 2290 1179 minor,
2312 1128 2353 1170 81
2373 1126 2509 1170 Fixis
2528 1126 2684 1181 primi

476 1188 695 1232 honoris
709 1187 897 1238 maior,
921 1186 1110 1240 quibus
1123 1185 1176 1228 in
1191 1185 1476 1229 Februario
1492 1186 1533 1228 81
1549 1186 1742 1230 Martio
1757 1186 1979 1241 aequalis
1994 1186 2253 1241 apparuit,
2276 1186 2681 1241 conspiceretur.

478 1249 709 1291 Demum
730 1246 893 1289 etiam
912 1246 1029 1300 plus
1045 1245 1325 1288 imminuta
1341 1245 1429 1297 est,
1452 1246 1588 1288 adeo
1602 1248 1661 1288 ut
1673 1246 1778 1289 hoc
1792 1249 2035 1301 tempore
2048 1246 2101 1288 in
2114 1246 2259 1289 initio
2274 1245 2525 1288 nimirum
2539 1245 2681 1301 Maij‚

477 1308 661 1350 Stellas
689 1304 901 1348 secundi
926 1305 1145 1348 honoris
1168 1316 1276 1348 non
1296 1305 1536 1348 excedat.
1565 1304 2035 1356 Quemadmodum
2060 1317 2190 1349 uero
2213 1316 2318 1359 quo
2339 1306 2408 1348 ad
2427 1304 2683 1348 uifibilem

477 1367 797 1410 diametrum
816 1365 920 1408 hac
941 1364 1146 1408 ratione
1168 1364 1419 1416 decreuit,
1442 1365 1510 1407 fic
1531 1364 1694 1407 etiam
1715 1377 1821 1419 quo
1843 1365 1912 1408 ad
1931 1376 2136 1418 ueram,
2156 1364 2423 1407 uariatam
2444 1364 2542 1408 esse
2563 1375 2684 1408 con-

479 1427 783 1469 sentaneum
804 1424 891 1468 est.

548 1485 627 1527 Ab
655 1484 799 1527 initio
827 1486 1007 1526 autem
1034 1483 1248 1536 quando
1275 1483 1429 1537 longe
1456 1483 1750 1526 excedebat
1772 1483 1959 1527 Stellas
1984 1483 2174 1539 primae
2199 1483 2587 1539 magnitudinis,
2614 1482 2686 1525 in-

478 1544 714 1587 credibili
728 1543 1020 1597 quantitate
1033 1545 1204 1586 totam
1218 1542 1396 1585 Terrae
1410 1543 1611 1586 molem
1627 1543 1921 1597 superabat.
1946 1543 2085 1586 Nam
2101 1544 2136 1586 fi
2151 1543 2326 1586 Stellae
2341 1543 2482 1585 Fixae
2497 1542 2686 1597 primae

478 1603 754 1658 dignitatis,
775 1603 994 1645 Terram
1014 1601 1178 1658 (iuxta
1200 1601 1631 1659 Mathematicos)
1657 1602 1855 1646 centies
1876 1602 2152 1657 quinquies
2173 1605 2480 1657 exuperant,
2503 1603 2544 1645 81
2564 1601 2683 1645 haec

478 1663 633 1706 Noua
651 1662 965 1705 tantundem
988 1674 1019 1704 a
1038 1661 1216 1713 Terra,
1246 1664 1504 1715 quantum
1523 1661 1629 1705 illae
1651 1661 1727 1719 (ut
1748 1662 1902 1717 supra
1922 1661 2422 1714 demonstrauimus)
2447 1673 2686 1705 remoue-

475 1726 576 1774 tur,
599 1722 967 1775 maioremque
986 1722 1141 1776 longe
1161 1721 1386 1764 obtinuit
1404 1721 1659 1764 uifibilem
1680 1721 2017 1773 diametrum,
2045 1721 2329 1765 necessario
2350 1721 2512 1765 etiam
2531 1721 2686 1775 longe

476 1783 594 1836 plus
615 1780 848 1825 centenis
867 1780 1073 1823 uicibus
1093 1781 1310 1832 molem,
1334 1792 1496 1834 quam
1509 1780 1670 1824 Terra
1685 1781 1725 1823 81
1742 1781 1915 1824 Maria
1936 1781 2187 1833 efficiunt,
2210 1780 2278 1824 ab
2298 1780 2444 1824 initio
2460 1780 2683 1824 excessit.

477 1842 579 1884 Sed
592 1840 858 1895 progressu
870 1839 1126 1894 temporis
1138 1839 1435 1891 imminuta,
1457 1839 1566 1883 iam
1581 1851 1688 1884 non
1702 1840 1877 1884 maior
1890 1840 1989 1884 esse
2002 1840 2195 1895 poterit
2207 1840 2316 1895 ipsa
2328 1840 2506 1892 Terra,
2523 1851 2686 1894 quam

477 1901 590 1943 sunt
610 1900 786 1943 Stellae
808 1899 1019 1943 secundi
1039 1899 1274 1943 honoris.

548 1961 754 2002 Lumen
773 1970 904 2002 uero
925 1959 1101 2002 Stellae
1122 1958 1453 2013 conspicitur,
1475 1958 1575 2002 esse
1594 1971 1708 2013 prae
1729 1960 1936 2003 caeteris
1957 1959 2212 2014 fulgidum
2233 1959 2274 2001 81
2293 1959 2525 2010 radians,
2549 1958 2684 2002 adeo

476 2022 532 2061 ut
554 2019 619 2062 ab
637 2019 897 2073 aliquibus
910 2019 963 2060 in
976 2018 1121 2062 initio
1138 2018 1300 2061 etiam
1313 2018 1539 2061 interdiu
1552 2018 1700 2061 iuxta
1716 2018 1953 2062 Meridiei
1966 2021 2193 2073 tempus,
2217 2018 2362 2062 Coelo
2378 2019 2522 2061 nulla
2535 2018 2686 2061 Aeris

477 2079 728 2121 denfitate
740 2078 1015 2129 offuscato,
1029 2089 1413 2132 nonnunquam
1425 2081 1744 2121 cerneretur.
1759 2077 2014 2121 Scintillat
2025 2078 2201 2130 etiam,
2214 2081 2272 2120 ut
2282 2078 2501 2132 reliquae
2509 2078 2686 2121 Stellae

477 2138 633 2190 Fixae,
662 2138 703 2180 8ι
728 2137 1032 2192 plurimum.
1054 2137 1207 2180 Vnde
1234 2137 1396 2180 etiam
1422 2139 1567 2191 patet
1594 2149 1716 2180 eam
1742 2149 1850 2181 non
1870 2137 1968 2181 esse
1987 2138 2122 2181 inter
2142 2138 2312 2181 Orbes
2332 2138 2684 2188 Planetarum,

478 2197 631 2240 sedin
645 2197 868 2251 Sphaera
882 2195 1088 2240 Ocstaua
1107 2198 1214 2239 una
1234 2208 1359 2239 cum
1373 2196 1587 2250 reliqu1s
1601 2197 1752 2248 Fixis,
1774 2196 1950 2253 (prout
1965 2197 2118 2252 supra
2134 2208 2346 2251 quoque
2361 2196 2686 2253 asseruimus)

477 2257 745 2300 collocari.
777 2257 1006 2299 Planetae
1033 2256 1174 2299 enim
1200 2268 1308 2299 non
1335 2255 1627 2308 scintillant,
1659 2256 1746 2299 sed
1776 2257 1944 2300 solum
1970 2257 2146 2300 Stellae
2173 2257 2331 2308 Fixae,
2362 2256 2403 2298 ἃ
2431 2256 2567 2299 inter
2595 2267 2686 2299 eas

478 2316 668 2370 aliquae
690 2316 873 2371 magis,
896 2315 1088 2370 aliquae
1108 2327 1238 2358 uero
1259 2315 1454 2367 minus3
1479 2316 1583 2359 flue
1604 2316 1747 2370 quod
1767 2327 1954 2359 earum
1974 2315 2213 2359 maxima
2234 2328 2266 2358 a
2286 2316 2439 2360 nob1s
2458 2315 2685 2359 remotio

477 2376 580 2419 hoc
603 2375 800 2419 efficiat
819 2387 914 2430 per
933 2376 1128 2418 Aerem
1147 2374 1537 2428 intermedium,
1565 2378 1623 2418 ut
1646 2375 1864 2429 quidam
1885 2375 2184 2430 opinantur,
2213 2376 2357 2429 quod
2375 2378 2558 2418 tamen
2577 2386 2686 2418 non

478 2436 656 2486 credo,
686 2435 817 2478 alias
843 2435 990 2478 enim·
1011 2435 1268 2477 Saturnus
1287 2434 1569 2489 Apogaeus,
1597 2446 1722 2478 cum
1749 2435 2025 2489 proximus
2052 2436 2125 2478 est
2150 2435 2319 2478 Stellis
2344 2434 2495 2486 Fixis,
2524 2434 2685 2477 etiam

480 2494 796 2537 scintillaret:
826 2495 931 2537 fiue
958 2494 1101 2548 quod
1121 2494 1246 2537 Fixa
1266 2494 1450 2537 Sidera
1477 2494 1629 2549 super
1653 2494 1869 2549 propria
1890 2495 2081 2538 Centra
2107 2497 2362 2549 perpetuo
2390 2493 2683 2548 circumgy-

479 2557 673 2605 rentur,
691 2554 866 2597 &inde
879 2565 976 2608 pro
992 2554 1142 2596 Aeris
1157 2553 1409 2607 qualitate
1424 2553 1861 2597 scintillationem
1876 2552 2105 2609 aspectui
2118 2553 2421 2606 immittant,
2436 2556 2495 2596 ut
2507 2553 2682 2608 potius

480 2624 604 2655 cum
623 2613 900 2656 Platonicis
922 2614 1107 2656 statuo.

551 2672 819 2723 Quantum
848 2673 917 2715 ad
944 2673 1190 2716 Colorem
1216 2672 1371 2715 huius
1397 2672 1572 2715 Stellae
1600 2672 1798 2724 attinet,
1829 2684 1937 2716 non
1967 2673 2173 2727 semper
2201 2673 2429 2716 eundem
2454 2671 2680 2723 retinuit,

479 2731 566 2773 sed
587 2731 654 2773 ab
674 2731 819 2775 initio
835 2732 1072 2775 albicans
1085 2731 1381 2783 uidebatur,
1403 2732 1442 2774 8ι
1463 2731 1680 2786 propius
1695 2731 1879 2775 Iouiali
1894 2732 2155 2787 splendori
2168 2731 2395 2775 accessit:
2417 2730 2682 2786 progressu

480 2793 658 2833 autem
678 2791 949 2845 temporis,
977 2791 1174 2834 lumine
1195 2789 1468 2834 coarctato
1490 2791 1531 2832 81
1549 2791 1825 2845 inspissato,
1851 2791 1905 2834 in
1930 2791 2235 2835 rutilantem
2255 2791 2296 2833 81
2317 2791 2570 2834 Martium
2590 2790 2683 2833 ful-

480 2861 663 2904 gorem
692 2850 1049 2905 degenerauit;
1082 2850 1251 2904 qualis
1278 2851 1351 2893 est
1375 2850 1676 2901 Aldeborae,
1708 2854 1800 2893 aut
1826 2850 1977 2903 illius,
2009 2863 2129 2905 quae
2157 2851 2211 2893 in
2239 2851 2426 2894 dextro
2455 2850 2681 2893 humero

479 2908 689 2951 Orionis
715 2910 954 2952 rubescit.
988 2910 1108 2953 Non
1131 2913 1315 2953 tamen
1338 2910 1501 2963 usque
1527 2910 1663 2953 adeo
1690 2910 1910 2953 rutilans
1937 2910 2047 2962 fuit,
2079 2910 2536 2964 quemadmodum
2560 2909 2680 2953 haec

478 2968 531 3009 in
556 2968 797 3020 humero,
827 2969 913 3011 sed
932 2969 1148 3023 propius
1169 2970 1238 3011 ad
1258 2970 1497 3013 colorem
1516 2969 1801 3013 Aldeborae
1822 2969 2044 3014 accessit.
2074 2969 2225 3013 Nunc
2252 2972 2433 3012 autem
2458 2966 2680 3028 re-sslic‘to

478 3026 572 3069 isto
590 3027 782 3071 Martio
799 3028 1010 3080 rubore,
1031 3027 1084 3070 in
1102 3028 1321 3071 liuidam
1334 3029 1534 3084 tranHJt
1548 3028 1863 3081 albedinem,
1884 3029 1958 3072 ita
1970 3032 2028 3072 ut
2041 3028 2145 3072 hoc
2162 3029 2339 3072 Mense
2355 3028 2515 3081 Maio,
2538 3027 2682 3082 quid-

480 3086 606 3127 dam
627 3086 929 3129 Saturnium
951 3087 992 3128 ἃ
1011 3087 1203 3130 Veneri
1224 3087 1385 3130 [imile
1405 3099 1518 3142 prae
1540 3088 1590 3130 se
1608 3087 1760 3131 ferat.

551 3144 706 3195 Quod
732 3148 911 3188 autem
937 3146 1056 3189 haec
1081 3146 1255 3198 Stella,
1283 3149 1397 3189 tam
1422 3147 1839 3201 magnitudinem
1866 3149 2029 3202 quam
2056 3148 2296 3191 colorem
2321 3147 2398 3204 (ut
2421 3146 2530 3189 iam
2556 3146 2682 3189 dixi-

479 3204 616 3260 mus)
637 3204 934 3247 sensibiliter
953 3205 1252 3257 mutauerst,
1274 3205 1327 3248 id
1346 3217 1454 3249 non
1475 3206 1791 3249 sufficienter
1809 3207 2016 3261 probat,
2044 3218 2167 3250 eam
2185 3207 2238 3249 in
2258 3205 2574 3249 Elementari
2594 3206 2682 3248 Re-

480 3262 647 3317 gione,
669 3263 806 3306 infra
827 3264 1026 3307 Orbem
1048 3264 1215 3307 Lunae
1235 3264 1504 3316 collocari,
1527 3265 1568 3307 81
1587 3265 1913 3320 peculiarem
1933 3266 2032 3309 esse
2053 3266 2323 3320 quandam
2339 3265 2680 3309 Cometarum

481 3321 722 3375 speciem,
762 3324 846 3365 uel
879 3323 1041 3366 anam
1075 3323 1320 3377 quamuis
1351 3324 1560 3378 igneam
1593 3325 2002 3368 exhalationem.
2042 3325 2095 3368 Si
2127 3325 2267 3368 enim
2304 3323 2536 3380 possibile
2567 3323 2678 3375 fuit,

479 3392 681 3424 nouum
708 3381 921 3435 aliquod
949 3383 1165 3436 Corpus,
1193 3382 1246 3425 in
1270 3383 1379 3437 ipso
1401 3383 1624 3426 AEthere
1650 3384 1903 3438 generari,
1932 3385 2074 3438 quod
2101 3384 2167 3427 de
2192 3384 2295 3427 hac
2322 3384 2482 3426 Stella
2509 3383 2678 3438 supra,

2276 3468 2680 3521 infallibilibus

2737 1015 2780 1050 10

2736 1311 2779 1346 15

2734 1609 2864 1662 20·

2733 1906 2780 1941 25

2717 2500 2777 2535 ’35

2711 2966 2800 3011 592

2729 3094 2776 3128 45
