2976 4264
496 319 586 369 188
997 313 1605 366 ASTRONOMIAE
1633 312 2198 366 INSTAURATAE

495 457 684 512 poterit
705 455 1051 498 deliramenta
1074 454 1302 503 illorum,
1333 454 1422 507 qui
1440 454 1493 495 in
1514 454 1738 508 Regione
1758 453 2076 495 Elementari
2094 453 2262 507 ipsum
2283 453 2381 496 esse
2401 453 2697 498 existimant

496 517 627 559 citra
649 515 931 563 Lunarem,
960 512 1379 566 Parallaximque
1405 513 1606 567 integro
1633 513 1799 567 gradu
1826 512 2087 555 maiorem
2115 512 2454 566 conspicuam
2474 512 2693 563 habere;

495 575 545 617 Si
566 575 716 616 fitum
738 584 848 615 elus
870 571 1200 614 solummodo
1223 582 1346 614 cum
1369 573 1535 615 altera
1555 571 1643 614 illa
1658 571 1871 614 Stellula
1892 583 2013 626 quae
2030 571 2083 614 in
2097 571 2244 614 Sedis
2264 572 2398 625 pede
2414 571 2696 626 Cassiopeae

496 635 581 684 est,
605 632 846 676 conferre
866 631 1005 673 uelit.
1037 630 1322 684 Nunquam
1342 631 1538 674 etenim
1558 631 1792 674 inuenies
1812 630 2223 682 Phaenomenon,
2246 630 2403 685 triplo
2425 630 2558 673 Solis
2579 631 2697 673 Dia-

494 696 665 735 metro
694 691 761 733 ab
788 691 896 745 ipsa
924 690 1204 733 discedere.
1235 689 1286 732 Si
1311 689 1465 744 igitur
1484 690 1779 733 Parallaxin
1805 690 2026 732 haberet
2049 701 2155 733 uno
2177 690 2343 745 gradu
2364 690 2695 744 ampliorem,
2748 698 2768 731 5

494 751 692 795 necesse
714 750 849 801 esset‚
875 750 1002 792 dum
1023 750 1418 792 Phaenomenon
1437 750 1490 792 in
1509 761 1616 793 uno
1637 749 1875 792 uerticali
1896 749 2051 804 supra
2070 749 2237 803 ipsam
2258 749 2393 801 esset,
2414 752 2472 791 ut
2490 749 2699 804 propin-

495 811 646 864 quior
673 810 721 852 ei
746 810 952 852 duabus
977 809 1141 863 tertijs
1167 808 1356 863 prioris
1384 808 1640 852 distantiae
1667 808 2033 863 conspiciatur,
2063 810 2104 852 81
2129 811 2187 852 ut
2213 808 2279 851 ab
2303 820 2367 852 eo
2389 808 2522 852 Solis
2540 808 2696 852 unica

495 870 785 919 Diametro‚
806 868 1015 923 triginta
1035 867 1279 911 uidelicet
1292 869 1377 911 uel
1393 868 1601 912 circiter
1614 868 1834 919 minuta,
1857 880 1963 912 non
1984 867 2215 911 differat:
2240 867 2698 922 quemadmodum

494 942 558 973 ex
586 927 954 972 demonstratis
980 928 1031 969 in
1059 927 1268 970 decimo
1297 928 1336 970 81
1363 927 1758 982 decimoquinto
1786 927 2117 971 Problemate
2143 930 2301 982 patet.
2335 926 2488 970 Hanc
2519 930 2698 970 autem

492 992 698 1031 tantam
725 987 1095 1038 diuersitatem‚
1123 987 1177 1029 in
1201 990 1314 1029 tam
1341 987 1528 1042 exigua
1554 986 1811 1039 distantia,
1839 998 1998 1030 nemo
2026 987 2098 1030 est
2121 986 2210 1041 qui
2229 999 2336 1031 non
2357 985 2567 1041 aspectu
2589 987 2697 1030 solo
2752 993 2794 1027 10

495 1049 696 1101 absque
721 1048 827 1090 ullo
850 1047 1216 1097 Instrumento,
1245 1046 1539 1090 discernere
1565 1046 1727 1101 possit.
1756 1047 1822 1089 At
1848 1046 1937 1100 qui
1961 1046 2064 1090 hac
2092 1046 2297 1090 ratione
2322 1057 2438 1089 rem
2464 1046 2699 1089 animad-

493 1110 700 1150 uertere
719 1106 860 1157 uelit,
889 1118 994 1149 non
1016 1106 1180 1149 modo
1200 1109 1407 1148 tantam
1426 1105 1677 1160 Aspedtus
1698 1106 2053 1149 diuerfitatem
2073 1117 2180 1149 non
2201 1106 2299 1149 esse
2319 1105 2593 1148 certissime
2614 1116 2699 1148 co-

495 1167 724 1222 gnoscet:
743 1166 829 1209 sed
841 1166 976 1208 adeo
989 1165 1234 1220 exiguam
1248 1165 1643 1209 &insensibilem
1655 1166 2028 1220 deprehendet,
2044 1168 2102 1208 ut
2113 1165 2280 1220 magis
2294 1166 2470 1208 secum
2480 1165 2698 1216 haesitet,

495 1239 562 1269 an
590 1226 791 1279 absque
817 1224 1089 1276 Parallaxi,
1121 1225 1271 1279 super
1302 1225 1543 1268 omnium
1569 1226 1904 1268 Planetarum
1931 1224 2102 1268 Orbes
2127 1236 2253 1268 uere
2281 1224 2463 1267 Fixam
2493 1224 2695 1268 credat:

493 1288 699 1328 tantum
731 1285 888 1335 abest,
919 1287 976 1326 ut
1006 1284 1137 1327 citra
1165 1285 1374 1327 Lunam
1405 1284 1661 1339 quispiam
1689 1284 1816 1341 (non
1843 1284 2009 1328 oculis
2036 1287 2239 1339 captus,
2272 1287 2363 1327 aut
2392 1283 2698 1327 crassissimis
2753 1290 2794 1324 15

495 1344 803 1400 ignorantiae
822 1344 1052 1387 tenebris
1074 1344 1400 1399 obcaecatus)
1420 1344 1589 1399 ipsum
1609 1344 1708 1387 esse
1730 1344 1976 1387 affirmet.
2000 1342 2020 1403 ΙΙ

566 1405 643 1447 De
664 1404 818 1446 huius
840 1406 1020 1446 autem
1043 1404 1311 1457 stupendae
1327 1403 1503 1446 Stenae
1517 1403 1876 1446 Parallaxibus
1891 1403 2320 1452 determinandis,
2344 1406 2435 1445 aut
2447 1402 2699 1446 limitibus
2730 1400 2817 1444 675
2891 1403 2895 1406 ’

496 1463 818 1515 coercendis,
842 1463 965 1517 quia
979 1464 1047 1505 ad
1062 1462 1333 1506 historiam
1349 1463 1523 1506 Stellae
1537 1463 1749 1517 proprie
1763 1462 2037 1518 pertineat,
2059 1462 2130 1505 nil
2144 1462 2319 1506 dicere
2334 1463 2696 1506 decreueram.

494 1524 560 1565 At
581 1535 705 1566 cum
725 1534 891 1577 nuper
913 1522 1043 1564 mihi
1060 1524 1287 1565 relatum
1309 1522 1444 1574 esset,
1473 1524 1753 1566 nonnullos
1778 1522 1923 1566 fuisse
1943 1534 2050 1566 non
2073 1522 2279 1577 penitus
2301 1521 2701 1566 Mathematica-

495 1595 614 1625 rum
636 1582 829 1625 artium
850 1581 1137 1636 imperitos,
1164 1582 1252 1635 qui
1271 1582 1480 1636 publice
1499 1582 1761 1625 testificati
1780 1581 1997 1634 fuissent,
2027 1582 2129 1625 sese
2150 1581 2573 1625 demonstratiuis
2595 1581 2701 1624 Me·
2749 1587 2795 1621 20

494 1642 670 1685 thodis
701 1641 1008 1693 obseruasse‚
1043 1641 1218 1684 Stellae
1247 1642 1402 1684 huius
1431 1642 1650 1684 insolitae
1679 1641 1974 1684 Parallaxin
2005 1641 2206 1696 integro
2239 1641 2405 1696 gradu
2437 1641 2700 1684 maiorem

496 1702 609 1752 eBe,
637 1702 777 1744 unde
803 1701 914 1744 eius
936 1701 1142 1744 Locum
1164 1701 1253 1744 sub
1278 1701 1474 1743 Lunari
1494 1701 1716 1755 Sphaera
1744 1701 2138 1751 concluderent,
2166 1700 2439 1755 ipsamque
2464 1701 2517 1743 in
2543 1700 2700 1744 solitis

496 1762 836 1804 Cometarum
867 1760 1085 1803 existere
1114 1761 1265 1811 locis;
1296 1760 1365 1803 Vt
1394 1772 1581 1804 eorum
1611 1760 1938 1804 crassissimus
1965 1761 2005 1802 81
2031 1771 2158 1803 uere
2183 1760 2461 1815 palpabilis
2491 1771 2639 1803 error
2669 1772 2700 1802 a

497 1820 699 1874 quouis,
723 1821 852 1863 dum
873 1820 1031 1862 Stella
1053 1821 1268 1871 luceret,
1292 1820 1645 1863 animaduerti
1663 1820 1827 1875 possit‚
1849 1820 1989 1863 hanc
2010 1819 2225 1863 facilem
2243 1819 2558 1863 Methodum
2579 1819 2702 1874 adij-

496 1891 632 1931 cere,
667 1892 775 1934 non
805 1880 900 1922 abs
930 1891 986 1922 re
1014 1879 1131 1923 fore
1159 1880 1363 1933 putaui;
1397 1879 1466 1922 Vt
1499 1879 1737 1934 omnium
1769 1879 2161 1923 Mathematum
2190 1879 2371 1934 ignari,
2405 1879 2700 1922 dummodo
2751 1884 2796 1918 25

496 1939 698 1993 uulgari
723 1939 884 1981 Sensu
911 1939 951 1980 8ι
978 1937 1239 1982 intellec‘tu
1264 1938 1472 1993 praediti
1500 1939 1608 1990 sint,
1637 1939 1935 1982 huiusmodi
1962 1939 2369 1982 Mathematices
2391 1937 2701 1982 Professores

497 2010 786 2053 coarguere
811 1998 1011 2052 possint,
1040 2010 1333 2052 eorumque
1359 1998 1614 2041 inscitiam
1638 1999 1878 2052 prodere.
1909 1998 1996 2041 Sin
2017 2002 2197 2042 autem
2218 1997 2475 2052 quispiam
2495 1997 2649 2041 huius
2670 2010 2701 2040 a

497 2069 584 2100 me
608 2057 785 2100 traditi
810 2057 1066 2112 praecepti
1091 2057 1595 2100 demonstrationem
1621 2058 1888 2111 requirere
1913 2058 2055 2109 uelit,
2087 2057 2356 2101 decimum
2383 2058 2587 2101 sextum
2613 2068 2702 2101 no-

499 2118 660 2160 strum
680 2117 917 2161 consulat
936 2116 1229 2167 Problema‚
1252 2117 1390 2159 uotis
1410 2117 1537 2168 eius,
1560 2116 1612 2159 ni
1632 2117 1802 2168 fallor,
1825 2117 2036 2160 abunde
2058 2117 2354 2160 satisfaciet.

570 2176 686 2220 Hac
714 2176 874 2219 etiam
901 2176 1106 2219 ratione
1131 2177 1311 2219 locum
1337 2188 1526 2218 uerum
1547 2176 1887 2219 Phaenomeni
1906 2176 1959 2219 in
1980 2177 2122 2220 Caelo
2150 2174 2466 2220 exactissime
2487 2177 2702 2218 demon·
2751 2180 2797 2215 30

498 2237 675 2288 strare,
705 2236 745 2277 δι
772 2235 930 2290 digito
958 2236 1100 2289 quasi
1127 2235 1362 2278 indicare
1385 2235 1638 2290 imperitis
1659 2236 1870 2290 poteris,
1900 2247 2025 2279 cum
2047 2236 2251 2290 semper
2269 2235 2322 2278 in
2341 2233 2701 2279 intersectione

497 2295 606 2349 ipsa
626 2296 780 2349 ipsius
794 2295 1086 2346 Verticalis,
1110 2295 1150 2336 ἃ
1171 2294 1330 2338 rectae
1351 2295 1519 2345 lineae,
1544 2295 1629 2337 seu
1651 2295 1873 2337 maximi
1893 2295 2074 2338 circuli
2093 2295 2205 2352 (per
2226 2295 2378 2338 Fixas
2397 2294 2559 2349 priori
2572 2294 2703 2337 Arti-

497 2355 620 2397 ficio
649 2354 1018 2410 deprehensas)
1042 2354 1370 2405 transeunfis,
1399 2353 1760 2408 perfectissime
1786 2354 2092 2408 requiescat.
2119 2354 2270 2397 Vnde
2297 2366 2421 2397 cum
2448 2354 2551 2397 hoc
2573 2354 2703 2396 Arti-

498 2414 620 2457 ficio
635 2425 793 2456 uerus
808 2413 917 2457 eius
932 2415 1081 2456 locus
1096 2413 1400 2465 innotescat,
1417 2414 1692 2467 Apparens
1708 2417 1889 2456 autem
1903 2426 1997 2468 per
2009 2414 2058 2457 se
2073 2413 2284 2457 cuilibet
2297 2417 2497 2468 pateat:
2515 2424 2702 2456 eorum

499 2473 740 2516 distantia
768 2473 1053 2516 Parallaxis
1083 2473 1276 2516 scilicet
1300 2473 1424 2527 ipsa,
1457 2476 1654 2526 quanta
1682 2474 1754 2524 sit,
1787 2473 2113 2527 qualiterque
2140 2473 2388 2525 uarietur,
2418 2472 2704 2516 inertissimi
2752 2478 2798 2512 35

498 2533 733 2587 pastores
763 2533 803 2575 81
833 2536 1011 2575 nautae
1041 2532 1143 2575 hac
1174 2533 1378 2576 ratione
1408 2531 1595 2583 edocti,
1630 2532 1879 2575 facillime
1913 2533 2229 2587 cognoscere
2259 2532 2476 2587 possunt.
2512 2532 2591 2575 De
2622 2531 2727 2575 his·

500 2595 678 2635 autem
701 2591 917 2647 alijsque
931 2590 1187 2634 hactenus
1201 2591 1461 2643 inauditis,
1483 2591 1737 2634 facillima
1751 2592 1955 2635 ratione
1969 2603 2064 2646 per
2078 2592 2487 2635 Instrumentum
2503 2602 2703 2635 nouum

498 2651 900 2705 perscrutandis,
929 2651 1087 2694 fusius
1114 2651 1330 2694 forsitan
1355 2651 1591 2705 posthac,
1621 2652 1655 2693 fi
1682 2651 1775 2694 ista
1800 2651 2019 2704 exordia
2046 2652 2257 2706 placere
2277 2650 2702 2702 intellexerimus,

500 2712 613 2754 Deo
636 2714 914 2762 annuente,
938 2710 1261 2754 disseremus:
1291 2711 1462 2765 deque
1482 2710 1840 2754 Parallaxibus
1862 2711 1992 2754 alias
2013 2709 2268 2754 hactenus
2289 2723 2320 2753 a
2341 2710 2551 2754 nemine
2569 2713 2705 2753 trac-

498 2770 635 2822 tatis,
665 2783 696 2812 a
722 2770 1037 2824 paucissimis
1065 2770 1299 2824 cognitis,
1329 2773 1420 2812 aut
1443 2770 1627 2813 saltem
1654 2770 1886 2813 creditis:
1914 2770 1976 2826 ijs
1998 2770 2203 2822 scilicet,
2233 2782 2353 2824 quae
2381 2769 2702 2825 contingunt,
2753 2774 2800 2809 40

500 2841 605 2873 non
630 2832 845 2884 propter
872 2829 1010 2872 uisus
1036 2829 1195 2873 nostri
1221 2842 1253 2872 a
1278 2829 1455 2872 Terrae
1483 2832 1665 2873 centro
1697 2829 2070 2881 deuiationem‚
2102 2830 2189 2872 sed
2218 2841 2313 2884 per
2340 2829 2520 2873 uarios
2548 2829 2705 2885 ipsius

500 2889 673 2931 Centri
694 2889 829 2931 fitus.
860 2889 992 2940 Quae
1021 2889 1235 2943 quidem
1260 2889 1455 2940 omnia,
1485 2889 1520 2931 fi
1546 2888 1704 2932 tantis
1726 2889 1869 2932 Deus
1890 2889 2070 2932 faueat
2090 2889 2270 2943 ceptis,
2298 2890 2584 2942 Parcaeque
2604 2887 2704 2931 filis

499 2951 723 3002 parcant
741 2948 1004 2999 uitalibus,
1028 2949 1145 2991 luce
1166 2948 1394 2991 clariora
1415 2947 1688 2991 faciemus.

570 3008 832 3051 Accusare
858 3011 1039 3050 tamen
1067 3019 1152 3050 me
1176 3008 1405 3062 poterint
1423 3007 1646 3051 fortassis
1666 3007 1866 3051 interea
1886 3008 2121 3051 nonnulli
2143 3007 2286 3062 quod
2306 3008 2372 3050 de
2391 3010 2470 3051 tot
2490 3008 2705 3050 demon·

501 3067 711 3109 stratiue
736 3067 1012 3120 propositis
1039 3066 1319 3118 Methodis,
1352 3067 1487 3110 adeo
1518 3078 1721 3121 paucos
1746 3067 1799 3109 in
1824 3067 1927 3110 hac
1954 3067 2106 3109 Praxi
2133 3066 2419 3110 adiecerim
2446 3067 2701 3110 Canones.
2754 3071 2799 3105 45

501 3126 688 3168 Fateor
702 3126 964 3180 equidem,
987 3127 1089 3169 hac
1105 3126 1156 3168 in
1170 3138 1243 3178 re,
1266 3126 1394 3168 mihi
1409 3126 1498 3180 ipsi
1514 3137 1854 3180 nequaquam
1869 3138 1956 3169 me
1971 3126 2279 3177 satisfecisse,
2302 3127 2495 3169 uellem
2510 3125 2705 3168 etenim

501 3184 824 3227 breuissimas
853 3186 892 3227 8ι
919 3185 1322 3239 expeditissimas
1344 3185 1656 3239 supputandi
1676 3185 1934 3228 formulas
1956 3185 2160 3240 singulis
2179 3185 2598 3228 Problematibus
2619 3197 2706 3228 an-

502 3242 725 3295 nectere,
748 3244 955 3298 aliaque
977 3245 1340 3296 Instrumenta,
1363 3256 1485 3298 quae
1505 3244 1741 3298 inprimis
1761 3245 1883 3288 huic
1905 3245 2228 3288 conueniunt
2248 3245 2410 3299 operi,
2433 3245 2501 3287 ad
2521 3244 2703 3287 uiuum

503 3301 715 3356 picturis
735 3304 775 3345 8ι
796 3304 1145 3357 explicatione
1166 3303 1474 3347 dilucidiore
1495 3304 1776 3358 exponere,
1806 3305 1839 3346 fi
1865 3304 2121 3358 temporis
2144 3303 2377 3347 breuitas
2398 3304 2438 3345 81
2459 3303 2562 3346 alia
2583 3314 2705 3346 mea

503 3365 805 3417 paterentur
827 3363 1048 3417 negotia.
1079 3363 1180 3406 Sed
1199 3363 1457 3406 uiolenter
1482 3363 1584 3405 hoc
1611 3366 1853 3417 tempore
1879 3362 2136 3406 abductus
2159 3364 2285 3414 sum,
2315 3364 2355 3406 8ι
2380 3363 2432 3405 ui
2454 3363 2596 3416 quasi
2619 3362 2706 3405 ab·
2755 3368 2800 3403 50

2470 3445 2704 3499 Γῐτειόῖιιε
