2976 4264
683 344 1565 400 PROGYMNASMATUM
1591 347 1906 401 TERTIA
1932 349 2135 402 PARS
2446 352 2515 404 57

311 484 363 537 &
379 484 573 538 nostra
585 486 659 539 ab
674 488 842 539 initio
857 502 895 540 a
907 487 1062 540 visus
1082 492 1356 542 acumine
1376 490 1856 555 praeponentibus
1877 492 2131 543 interdiu
2151 493 2513 554 cernebatur,

308 562 510 609 tamen
530 557 605 610 ob
626 557 685 609 id
705 559 1015 611 necessario
1033 575 1157 612 non
1169 560 1426 626 sequitur
1440 562 1792 614 eiuscemodi
1806 562 1962 614 fuisse
1977 562 2166 624 Sidus,
2188 570 2363 628 atque
2383 563 2514 625 hoc,

309 633 412 680 aut
426 627 675 681 Nouum
689 629 948 694 aliquod.
969 630 1200 683 Poterat
1215 635 1375 684 enim
1388 633 1634 685 Veneris
1649 634 1752 685 esse
1766 633 2017 695 Astrum,
2040 634 2198 699 quod
2218 650 2342 686 non
2362 651 2514 696 rarO,

310 701 489 751 etiam
517 702 580 752 in
608 700 731 765 ipsa
759 701 1030 763 Meridie,
1059 709 1120 754 vt
1148 719 1186 755 a
1214 703 1384 756 nobis
1413 703 1724 769 aliquoties
1753 702 1972 757 fastum
2005 705 2095 766 est,
2129 704 2428 770 spectatur,
2463 706 2515 758 &

237 787 259 821 ⁵
307 769 492 822 ferme
507 786 732 833 omnes,
747 771 788 824 fi
802 773 944 837 quid
957 773 1073 825 tale
1087 774 1342 826 interdiu
1351 774 1619 836 viderint,
1631 776 1880 828 Nouum
1894 776 2118 841 aliquid
2132 778 2252 838 esse,
2268 793 2339 829 eo
2355 777 2514 842 quod

308 844 500 894 rarius
520 845 833 909 contingat,
854 843 1059 897 frustra
1079 844 1420 898 existimant.
1444 846 1731 899 Carmina
1751 846 2070 900 Claudiani
2090 847 2220 900 haec
2239 848 2390 901 sunt:

603 947 744 1016 Visa
764 949 954 1003 etiam
974 951 1195 1014 medic,
1217 952 1475 1019 Populis
1493 952 1885 1016 mirantibus,
1907 954 2117 1007 audax

596 1020 795 1074 Stella
813 1021 950 1084 Die,
972 1022 1309 1076 dubitanda
1328 1023 1489 1076 nihi]
1504 1039 1624 1078 nec
1644 1024 1818 1078 crine
1837 1023 2045 1092 retuso

594 1091 940 1160 Languida,
954 1091 1070 1159 sed
1087 1097 1359 1160 quantus
1378 1098 1750 1148 numeratur
1765 1093 1941 1150 nodie
1959 1097 2211 1150 Bootes.

217 1213 260 1248 10
379 1197 518 1250 Siue
538 1200 711 1263 igitur
730 1205 869 1251 tunc
889 1199 1136 1252 Veneris
1157 1200 1336 1253 Stella
1355 1201 1569 1254 diurna
1588 1205 1941 1267 apparuerit,
1967 1202 2122 1255 vnde
2145 1203 2515 1256 Claudianus

308 1268 675 1321 occasionem
698 1269 934 1322 sumens
955 1271 1232 1323 Honorio
1258 1275 1322 1324 in
1347 1272 1530 1324 Nouo
1551 1273 1603 1325 &
1624 1273 1852 1337 Quarto
1879 1273 2184 1326 consulatu
2210 1281 2514 1340 congratu-

307 1339 434 1401 lari,
462 1347 564 1393 aut
591 1343 769 1392 etiam
796 1341 878 1406 (vt
896 1357 1028 1393 mos
1054 1342 1130 1394 est
1148 1342 1363 1407 Poetis)
1390 1343 1720 1397 abblandiri
1738 1344 1942 1405 voluit,
1968 1345 2087 1397 fiue
2109 1346 2385 1398 Cometes
2410 1346 2513 1398 ali-

309 1414 442 1476 quis
466 1411 722 1464 interdiu
746 1411 864 1465 fine
892 1413 1150 1465 crinibus
1175 1430 1469 1478 apparens
1494 1421 1634 1467 tunc
1660 1415 1931 1477 illuxerit,
1958 1416 2077 1469 fiue
2104 1420 2281 1469 etiam
2299 1433 2519 1483 ‚reuera

190 1491 277 1534 543
310 1482 483 1535 Sidus
509 1482 751 1548 aliquod
772 1478 793 1552 ΙΙ
814 1484 1065 1536 Nouum
1090 1484 1265 1537 instar
1292 1489 1568 1551 genuinae
1589 1486 1786 1539 Stellae
1814 1487 2004 1548 fuerit,
2032 1503 2104 1540 ex
2130 1488 2222 1540 his
2249 1488 2518 1553 pauculis

218 1571 259 1605 15
310 1553 630 1607 Claudiani
655 1554 847 1607 verbis
877 1557 1019 1607 citra
1043 1555 1381 1608 vlteriorem
1409 1557 1869 1610 declarationem
1897 1557 2049 1610 nihil
2078 1562 2216 1611 certi
2246 1559 2519 1611 concludi

309 1626 476 1690 posse,
498 1625 776 1678 existimo,

323 1734 326 1736 ψ
379 1697 468 1749 Ex
487 1696 836 1762 quibusdam
850 1698 1329 1751 antecedentibus
1343 1705 1544 1751 autem
1557 1700 1814 1752 verfibus
1829 1700 2116 1766 colligitur
2128 1700 2307 1754 huius
2322 1701 2517 1754 Stellae

308 1768 608 1829 vifionem,
628 1771 824 1834 potius
845 1770 948 1821 esse
963 1769 1333 1822 referendam
1347 1771 1424 1823 ad
1438 1771 1718 1823 Natalem
1732 1772 1988 1837 Honorij
1997 1814 2008 1833 ,
2030 1788 2150 1837 quo
2166 1775 2343 1825 etiam
2359 1772 2516 1825 Con-

308 1839 395 1892 sul
425 1842 684 1904 primum
716 1839 1044 1906 designatus
1077 1840 1174 1902 est;
1207 1857 1332 1893 non
1364 1848 1565 1894 autem
1595 1843 1672 1895 ad
1703 1845 1870 1895 initia
1900 1843 2254 1896 Consulatus
2284 1844 2414 1896 IIII:
2448 1845 2517 1896 Et

213 1926 261 1963 20
309 1918 601 1976 quantum
633 1927 706 1963 ex
734 1911 1007 1977 Historiis
1037 1911 1238 1977 liquet,
1270 1912 1471 1965 incidit
1500 1913 1733 1966 Natalis
1766 1917 1892 1966 eius
1923 1917 1987 1966 in
2014 1916 2263 1966 Annum
2292 1931 2328 1967 a
2357 1916 2516 1967 Nato

310 1982 656 2036 CHRISTO
680 1983 802 2044 388,
829 1986 983 2036 circa
1002 1983 1163 2048 quod
1182 1983 1443 2049 Tempus
1462 1985 1558 2036 vel
1576 1988 1772 2050 potius
1791 1987 1974 2037 Anno
1996 1985 2287 2050 sequente,
2314 1986 2355 2037 fi
2381 2002 2516 2038 con-

308 2069 456 2119 grua
466 2053 542 2106 est
551 2057 903 2116 numeratio,
917 2054 1315 2120 Cuspinianus
1327 2055 1570 2108 Stellam
1581 2056 1885 2121 quandam
1896 2072 1933 2108 a
1944 2057 2349 2121 Septentrione
2365 2060 2518 2109 circa

310 2125 700 2178 Gallicinium
725 2125 1045 2188 ascendisse,
1076 2125 1129 2177 &
1158 2126 1332 2179 instar
1358 2127 1612 2179 Luciferi
1636 2127 1990 2192 splenduisse,
2021 2135 2198 2192 atque
2223 2131 2378 2180 intra
2403 2135 2517 2180 tres

231 2200 260 2244 i·
310 2196 681 2262 Septimanas
707 2196 1050 2262 disparuisse,
1077 2197 1280 2250 scribit.
1308 2199 1408 2250 An
1427 2214 1569 2250 vero
1595 2198 1725 2251 haec
1747 2199 1870 2264 ipsa
1889 2198 2063 2251 fuerit
2083 2199 2262 2252 Stella
2283 2200 2377 2264 (de
2399 2215 2518 2264 qua

214 2284 261 2319 2⁵
310 2267 682 2320 Claudianus
701 2267 984 2333 loquitur)
1004 2268 1100 2321 vel
1118 2285 1212 2329 ne,
1232 2272 1296 2321 in
1315 2269 1496 2322 dubio
1515 2270 1923 2335 relinquimus,

381 2338 536 2403 Quae
563 2355 636 2392 ex
657 2339 1028 2392 Guilandino
1047 2339 1405 2405 Philosopho
1425 2341 1627 2393 Italico
1653 2341 1855 2403 adfert,
1882 2341 2034 2393 nihil
2059 2345 2205 2394 noui
2233 2342 2323 2403 est,
2351 2342 2516 2406 quos-

310 2410 449 2463 dam
469 2426 679 2463 eorum
696 2427 821 2476 prae
840 2413 1057 2477 ingenij
1081 2411 1391 2464 insolentia
1411 2412 1630 2464 ostenta
1644 2412 1872 2465 Diuina
1885 2419 2062 2477 atque
2077 2413 2325 2465 Naturae
2342 2416 2515 2466 mira-

310 2481 444 2534 cula
464 2488 807 2535 extenuare:
828 2498 1023 2547 neque
1044 2480 1197 2535 redte
1212 2483 1286 2535 ab
1301 2499 1373 2535 eo
1387 2483 1694 2548 profertur,
1717 2483 1997 2536 Cometas
2013 2500 2044 2536 e
2059 2487 2261 2549 pingui
2276 2484 2514 2536 exhala-

308 2556 468 2605 tione
489 2553 765 2615 constare,
785 2560 845 2605 vt
865 2554 940 2606 ob
959 2554 1019 2605 id
1039 2553 1190 2605 nihil
1208 2553 1542 2619 significent,
1563 2561 1666 2606 aut
1684 2557 1807 2606 vim
1820 2570 1913 2606 res
1926 2554 2232 2606 inferiores
2246 2556 2515 2607 mutandi

214 2640 261 2675 30
309 2639 434 2676 non
453 2624 770 2676 obtineant.
792 2624 1277 2689 Praesuppofitum
1298 2628 1458 2677 enim
1472 2626 1671 2689 quoad
1684 2628 1994 2678 materiam
2010 2625 2061 2677 81
2074 2628 2515 2691 generationem

309 2701 487 2760 atque
512 2695 727 2756 locum,
756 2695 831 2747 est
856 2695 1082 2756 falsum,
1108 2702 1169 2748 vt
1195 2710 1267 2747 ex
1290 2695 1478 2748 Libris
1502 2695 1876 2760 sequentibus
1901 2703 2100 2761 aperte
2126 2697 2359 2762 patebit.
2387 2698 2515 2749 Nec

308 2774 510 2819 tamen
536 2781 608 2818 ea
633 2782 768 2831 quae
788 2766 910 2831 post
931 2766 1317 2819 Cometarum
1336 2773 1513 2831 atque
1533 2767 1930 2819 Ascititiorum
1950 2767 2221 2820 Siderum
2246 2784 2513 2833 procrea-

307 2840 533 2889 tionem
546 2839 609 2888 in
622 2836 818 2889 Terris
832 2840 1132 2898 eueniunt,
1154 2838 1228 2889 ab
1247 2836 1341 2889 his
1361 2841 1566 2890 omnia
1584 2838 1932 2902 dependent,
1954 2854 2089 2890 cum
2108 2839 2314 2904 procul
2333 2839 2514 2891 dubio

310 2908 459 2961 alias
478 2907 738 2960 habeant
758 2907 978 2969 causaS,
1005 2908 1058 2960 &
1082 2909 1293 2961 eodem
1311 2909 1508 2970 mod0,
1530 2909 1751 2962 etiamsi
1769 2909 1921 2961 nulli
1941 2910 2207 2962 Cometae
2227 2911 2513 2975 praecesse-

215 2995 261 3031 35
310 2982 441 3040 rint,
463 2981 798 3044 contingere
818 2980 1136 3044 potuissent.
1159 2979 1298 3042 Qua
1316 2980 1388 3031 de
1409 2995 1471 3031 re
1491 2979 1632 3032 alibi
1652 2980 1939 3045 copiofius
1959 2981 2305 3033 disseremuS.

382 3050 538 3115 Quae
557 3050 753 3115 postea
764 3049 943 3115 vsque
963 3050 1040 3102 ad
1054 3050 1322 3115 Epistolae
1342 3050 1525 3102 finem
1537 3051 1892 3117 Astrologice
1912 3051 1984 3104 de
2004 3051 2116 3104 hac
2131 3052 2310 3104 Stella
2329 3051 2514 3104 adfert

311 3121 365 3174 δι
382 3121 516 3174 satis
535 3124 630 3186 pie
650 3127 827 3186 atque
847 3121 1164 3186 prudenter
1182 3124 1458 3186 proponit
1477 3122 1848 3183 HainzeliuS,
1869 3122 2010 3174 nolo
2031 3122 2128 3175 hic
2148 3130 2424 3188 repetere.
2449 3123 2514 3175 Id

312 3196 488 3254 enim,
508 3195 590 3245 vti
610 3199 787 3244 antea
806 3207 1045 3257 quoque
1064 3192 1246 3244 testati
1264 3192 1480 3254 sumuS‚
1501 3193 1676 3245 nostri
1692 3194 1966 3258 propofiti
1980 3194 2192 3245 limites
2207 3194 2511 3259 egreditur.

327 3321 330 3324 ,
383 3263 687 3328 Quoniam
700 3279 843 3315 vero
862 3263 1012 3315 nulli
1028 3270 1313 3327 praeterea
1326 3265 1389 3315 in
1403 3263 1624 3316 Sueuia
1644 3272 1973 3325 occurrunt,
1995 3268 2097 3329 qui
2117 3266 2188 3317 de
2209 3264 2321 3317 hac
2336 3265 2514 3317 Stella

216 3350 264 3386 ιο
312 3334 553 3400 aliquid,
575 3334 734 3399 quod
753 3334 946 3395 sciam,
968 3337 1345 3386 commentati
1364 3334 1509 3395 sunt,
1532 3335 1841 3399 (Vlmenfis
1862 3338 2021 3387 enim
2042 3339 2184 3395 eiuS‚
2206 3335 2277 3387 de
2293 3351 2412 3399 quo
2427 3351 2512 3386 re-

311 3405 419 3458 fert
430 3405 801 3466 HainzeliuS,
815 3405 1103 3470 scriptum,
1115 3411 1174 3457 vt
1186 3405 1323 3466 dixi,
1339 3421 1463 3457 non
1472 3405 1616 3469 vidi)
1625 3405 2017 3458 Transeamus
2031 3406 2169 3458 hinc
2179 3409 2269 3527 iii)
2252 3409 2514 3458 vicinum

455 3487 478 3522 8
2273 3484 2511 3528 ucatum
