2976 4264
249 744 271 778 5

702 302 1580 357 PROGYMNASMATUM
1607 303 1915 356 TERTIA
1942 305 2144 358 PARS
2454 309 2522 360 79

394 442 571 505 Quod
597 446 659 494 in
686 447 909 496 caeteris
936 445 1126 497 Stellis
1156 446 1498 499 Errantibus
1527 449 1888 499 incrementa
1914 447 2008 499 vel
2037 447 2409 501 decrementa
2436 450 2521 501 lu-

320 516 498 565 minis
518 529 622 578 per
641 516 920 567 accessum
942 516 993 568 8(
1013 518 1286 569 recessum
1307 521 1660 583 contingant,
1687 517 1838 570 nihil
1857 518 1974 570 huc
1999 518 2150 579 facit,
2178 520 2238 572 id
2264 523 2423 572 enim
2450 537 2522 573 ex

319 590 487 636 motu
508 586 793 647 circulari,
815 586 1110 640 hincinde
1131 589 1485 654 digrediente
1505 592 1795 654 prouenit,
1816 605 1939 641 non
1959 596 2160 642 autem
2178 606 2283 655 per
2301 591 2523 644 lineam

319 653 544 778 rectanla1
548 672 559 708 ε
588 657 801 797 Iflequ'e'z
826 658 942 710 tale
964 659 1105 723 quid
1131 659 1270 712 huic
1291 660 1487 712 Steuae
1507 660 1927 725 affingendum,
1955 677 2091 713 cum
2112 671 2395 726 perpetuo
2416 667 2521 715 im-

319 733 483 779 mota
545 743 598 779 ae
625 731 746 780 erit.

200 807 288 850 564
390 797 680 851 Praeterea
706 815 779 851 ex
806 799 1229 853 Scintillatione
1255 808 1554 866 perpetua,
1585 818 1720 866 quae
1749 802 1888 854 huic
1915 804 2113 867 quoad
2140 804 2391 866 durauit,
2422 806 2520 858 ad-

228 1099 270 1134 10

226 1455 268 1490 15

240 1514 269 1557 ·l·

222 1812 269 1846 20

222 2167 268 2202 25

318 867 442 930 fuit,
471 870 679 934 probat
708 886 842 922 eam
871 887 1008 923 cum
1036 872 1394 925 Elementari
1423 873 1658 925 Mundo
1688 880 1864 938 atque
1895 874 2158 926 Cometis
2186 875 2336 927 nihil
2366 892 2520 928 com-

319 955 501 992 mune
522 940 793 994 habuisse.
814 943 1011 1007 Atque
1031 942 1143 995 hac
1163 946 1226 995 in
1245 951 1409 1008 parte
1428 944 1562 996 satis
1582 947 2004 997 conuenienter
2023 948 2418 999 ratiocinatur.

392 1011 478 1063 Ea
492 1027 628 1076 quae
641 1013 1011 1077 postmodum
1027 1014 1317 1079 subiungit
1331 1015 1402 1067 de
1419 1016 1782 1080 Corporibus
1797 1016 2158 1078 CoelestibuS,
2175 1017 2226 1068 8(
2242 1018 2520 1079 CometiS,

320 1084 473 1134 circa
486 1083 879 1136 Horizontem
899 1087 962 1136 in
981 1084 1094 1137 hac
1107 1085 1203 1137 vel
1220 1085 1324 1138 illa
1343 1089 1666 1150 quantitate
1688 1088 2121 1151 apparentibuS‚
2146 1089 2356 1153 Optica
2375 1090 2520 1151 sunt,

319 1152 372 1205 8(
391 1153 542 1205 nihil
561 1154 656 1206 vel
674 1170 889 1218 parum
907 1155 1024 1207 huc
1044 1156 1282 1208 faciunt.

389 1225 653 1277 Demum
666 1228 729 1277 in
744 1226 1144 1279 constituendo
1164 1227 1296 1279 loco
1311 1227 1527 1280 Sideris
1547 1231 1669 1280 iam
1687 1228 1743 1280 se
1763 1229 1866 1280 suo
1886 1229 2019 1281 satis
2038 1228 2304 1282 functum
2324 1231 2519 1284 officio

318 1295 667 1357 existimans,
689 1298 976 1361 quidnam
994 1297 1168 1350 fuerit
1187 1298 1316 1350 haec
1332 1299 1526 1360 Stella,
1549 1299 1601 1350 8(
1622 1303 1716 1351 cui
1736 1300 2138 1365 prodigiorum
2155 1302 2347 1353 ordini
2364 1306 2519 1354 attri-

316 1365 570 1428 buenda,
599 1383 899 1432 quamque
926 1368 1001 1420 ob
1029 1369 1265 1421 causam
1284 1370 1640 1422 Mortalibus
1660 1375 2012 1436 apparuerit,
2040 1372 2366 1436 patefacere
2390 1377 2519 1426 niti-

316 1443 426 1489 tur.
450 1437 628 1501 Quod
642 1445 843 1490 autem
857 1455 930 1490 ex
945 1439 1332 1492 Cometarum
1344 1441 1530 1505 specie
1544 1457 1668 1493 non
1681 1442 1870 1503 fuerit,
1888 1458 2082 1507 neque
2097 1446 2523 1508 aequiparanda

317 1508 419 1569 illi,
444 1525 580 1574 quae
599 1509 773 1574 supra
793 1510 1238 1577 Hierosolymas
1257 1514 1549 1577 integrum
1568 1513 1816 1564 Annum
1837 1514 2094 1574 constitit,
2117 1514 2169 1565 8(
2189 1531 2297 1566 nec
2318 1516 2521 1568 Plane-

317 1586 441 1632 tam
454 1580 716 1645 aliquem
729 1587 831 1633 aut
846 1581 1054 1634 Fixam
1068 1583 1304 1634 Mundo
1319 1599 1592 1635 coaeuam
1607 1583 1971 1645 censendam,
1987 1583 2138 1637 recte
2152 1591 2519 1650 pronunciat.

320 1651 554 1716 Corpus
585 1655 784 1716 itaque
813 1653 1284 1719 Metaphyficum
1316 1670 1385 1706 ac
1416 1654 1589 1718 supra
1616 1662 1893 1707 naturam
1923 1658 2169 1717 extitisse‚
2204 1658 2521 1710 coelestium

317 1722 574 1775 motibus
595 1723 915 1789 alligatum,
936 1740 1060 1776 non
1081 1725 1231 1777 adeo
1253 1728 1396 1777 citra
1414 1741 1541 1777 rem
1558 1726 1792 1790 profert.

390 1793 544 1857 Quae
571 1794 643 1846 de
663 1795 906 1860 Angelis
933 1802 1035 1847 aut
1062 1798 1241 1848 etiam
1261 1797 1396 1848 DEI
1416 1797 1591 1861 ipfius
1620 1796 1912 1861 (horresco
1936 1797 2216 1862 referens)
2243 1802 2306 1850 in
2330 1799 2522 1853 forma

318 1865 530 1927 SteHae,
557 1869 943 1931 apparitione,
965 1874 1142 1931 atque
1163 1867 1400 1920 ascensu
1420 1867 1472 1919 8(
1493 1868 1780 1929 descensu,
1802 1869 2188 1934 circularique
2209 1871 2398 1922 reditu
2418 1872 2520 1923 Di·

317 1939 474 1988 uinis
492 1937 787 1990 mentibus
809 1938 1136 1999 domestic0‚
1164 1939 1416 2000 adducit,
1442 1939 1677 2003 prorsus
1696 1942 1880 2004 impia
1898 1940 2043 2001 sunt,
2071 1956 2146 1992 ne
2167 1941 2359 1993 dicam
2378 1942 2519 1994 blas—

316 2006 552 2072 phema,
580 2024 653 2060 ex
677 2008 948 2061 Authore
974 2010 1394 2071 VniuerfitatiS,
1425 2017 1756 2062 creaturam
1782 2011 2048 2076 aliquam
2073 2012 2354 2064 visibilem
2380 2016 2522 2065 citra

317 2094 559 2131 omnem
584 2080 1004 2132 verecundiam
1030 2080 1326 2146 fingentia.
1355 2081 1469 2134 Sed
1494 2081 1763 2134 facessant
1788 2082 1904 2143 ista,
1932 2082 2173 2148 indigna
2199 2099 2334 2147 quae
2362 2084 2520 2136 refri-

317 2156 535 2202 centur.
570 2151 698 2203 Nec
727 2154 905 2203 etiam
935 2155 1216 2217 congruit,
1250 2153 1410 2217 quod
1439 2153 1682 2205 Stellam
1710 2153 1865 2205 hanc
1895 2169 2031 2205 cum
2061 2170 2133 2206 ea
2162 2171 2296 2219 quae
2327 2156 2521 2221 Magis

316 2224 604 2286 apparuit,
631 2222 910 2284 assimilat‚
937 2239 1149 2276 reuera
1169 2226 1329 2276 enim
1348 2224 1451 2276 illa
1470 2227 1534 2275 in
1553 2225 1709 2276 Aere
1729 2224 1932 2276 saltem
1950 2228 2146 2277 vicino
2166 2225 2290 2286 fuit,
2313 2226 2365 2277 8(
2386 2242 2519 2278 con-

315 2295 651 2345 uenientius
672 2293 743 2345 de
763 2293 877 2346 hac
896 2294 1173 2359 loquitur,
1194 2298 1244 2346 is
1265 2311 1444 2360 quem
1464 2298 1599 2347 citat
1613 2295 2004 2360 NicephoruS,
2028 2313 2209 2360 quam
2229 2297 2326 2348 ille
2346 2300 2519 2349 inter-

315 2370 590 2428 pretatur.
624 2364 739 2417 Sed
771 2366 931 2430 quod
962 2365 1113 2417 nihil
1143 2365 1415 2418 habuerit
1446 2366 1576 2418 haec
1608 2367 1790 2418 Noua
1822 2367 2002 2419 Stella
2034 2383 2169 2419 cum
2201 2368 2520 2433 Magorum

316 2450 649 2497 commune,
681 2436 826 2501 Cap.
847 2436 1046 2489 Tertio
1075 2437 1208 2489 satis
1237 2453 1274 2489 a
1302 2437 1473 2489 nobis
1502 2438 1880 2502 disceptatum
1910 2438 1999 2489 est.
2031 2438 2210 2502 Quod
2237 2442 2396 2490 enim
2422 2443 2517 2501 ait,

315 2506 357 2557 fi
384 2509 547 2570 prius
576 2509 639 2558 in
667 2508 824 2559 Aere
852 2508 1026 2572 supra
1055 2509 1320 2560 Iudaeam
1348 2508 1578 2569 stetisset,
1611 2525 1735 2560 non
1766 2510 2002 2573 potuisse
2030 2509 2203 2574 supra
2230 2510 2519 2562 Persidem

315 2577 517 2638 videri,
545 2578 597 2630 8(
622 2578 664 2630 fi
682 2578 878 2643 postea
897 2578 1273 2640 descendisset,
1302 2579 1695 2631 exhalationis
1714 2583 1909 2644 potius
1930 2580 2168 2632 alterius
2188 2580 2436 2644 speciem
2455 2585 2518 2633 in

239 2653 267 2696 τ
316 2647 448 2700 loco
467 2655 591 2701 tam
610 2649 839 2710 decliui,
861 2665 1043 2714 quam
1057 2649 1252 2702 Stellae
1268 2650 1622 2711 obseruasset,
1643 2650 1793 2702 nihil
1811 2653 2102 2715 importat.
2125 2652 2337 2715 Neque
2359 2656 2518 2704 enim

315 2726 455 2771 tunc
485 2735 621 2771 cum
649 2720 845 2785 Magis
874 2724 1148 2785 apparuit
1175 2720 1305 2773 haec
1333 2721 1526 2782 Stella,
1556 2721 1729 2786 supra
1755 2722 2021 2773 Iudaeam
2047 2722 2304 2783 constitit,
2334 2723 2429 2774 sed
2455 2726 2518 2774 in

318 2790 577 2851 Oriente,
603 2790 722 2842 fiue
742 2794 806 2842 in
826 2791 1014 2843 Perfia
1041 2792 1243 2854 (modo
1263 2791 1349 2843 illi
1368 2792 1504 2843 inde
1526 2793 1760 2845 oriundi
1781 2792 1969 2856 erant)
1995 2796 2253 2857 primum
2273 2793 2393 2845 visa
2419 2795 2515 2846 est:

315 2861 470 2913 vnde
489 2861 778 2926 scriptum,
796 2861 1080 2914 Vidimus
1095 2862 1358 2915 Stellam
1380 2862 1519 2915 eius
1537 2862 1602 2915 in
1621 2862 1890 2925 Oriente,
1912 2879 2036 2915 non
2050 2871 2249 2916 autem
2261 2865 2516 2917 vidimus

316 2932 559 2984 Stellam
585 2935 711 2984 eius
736 2933 910 2997 supra
935 2933 1220 2986 Iudaeam:
1247 2935 1521 2998 praecessit
1545 2950 1687 2986 vero
1713 2934 1843 2986 haec
1870 2935 2048 2987 Stella
2074 2951 2175 2986 eos
2201 2935 2398 2987 versus
2424 2936 2515 2987 Iu-

316 3004 527 3064 daeam,
556 3003 608 3055 8(
634 3004 845 3056 deinde
872 3003 948 3055 ad
975 3004 1236 3065 domum,
1266 3007 1330 3056 in
1356 3020 1475 3069 qua
1502 3020 1650 3069 puer
1677 3005 2059 3058 CHRISTVS
2087 3021 2265 3070 quem
2292 3022 2515 3071 quaere-

314 3074 472 3135 bant,
500 3082 640 3135 erat,
668 3075 923 3136 deduxit,
951 3075 1111 3139 quod
1130 3075 1259 3127 fieri
1277 3091 1660 3140 nequaquam
1685 3080 1889 3141 potuit,
1916 3076 1957 3127 fi
1982 3083 2103 3128 tam
2123 3077 2237 3128 alte
2257 3080 2320 3128 in
2342 3078 2514 3130 Coelo

315 3145 588 3197 reuoluta
606 3145 801 3207 fuisset,
823 3152 999 3210 atque
1019 3145 1150 3198 haec
1170 3146 1365 3207 Stella,
1387 3147 1458 3198 de
1479 3163 1600 3211 qua
1618 3164 1778 3200 nunc
1797 3151 2042 3213 agimuS‚
2063 3148 2158 3200 vel
2177 3148 2379 3213 aliqua
2398 3149 2517 3200 alia

220 3233 268 3268 40
317 3219 495 3268 etiam
515 3217 702 3269 Lunae
722 3217 924 3269 saltem
943 3217 1171 3269 sedibus
1193 3220 1574 3270 contermina.

387 3286 617 3340 Rectius
638 3288 848 3340 deinde
869 3289 1051 3340 asserit
1067 3304 1141 3340 ex
1156 3288 1535 3341 Planetarum
1554 3289 1865 3341 influentia
1884 3297 2059 3354 atque
2081 3292 2513 3350 commixtione,

315 3357 471 3410 hanc
486 3359 726 3411 Stellam
746 3375 870 3410 non
888 3358 1045 3411 fuisse
1065 3366 1413 3425 prognatam
1429 3367 1532 3411 aut
1548 3360 2066 3425 praesignificatam,
2087 3361 2365 3482 ficqueea}
2379 3377 2514 3482 quae}

2277 3447 2335 3495 1p
2362 3447 2490 3482 eme
