<?xml version="1.0" encoding="UTF-8"?>
<!DOCTYPE html PUBLIC "-//W3C//DTD XHTML 1.0 Transitional//EN"
    "http://www.w3.org/TR/xhtml1/DTD/xhtml1-transitional.dtd">
<html xmlns="http://www.w3.org/1999/xhtml" xml:lang="en" lang="en">
 <head>
  <title>
</title>
<meta http-equiv="Content-Type" content="text/html;charset=utf-8" />
  <meta name='ocr-system' content='tesseract 3.04.00' />
  <meta name='ocr-capabilities' content='ocr_page ocr_carea ocr_par ocr_line ocrx_word'/>
</head>
<body>
  <div class='ocr_page' id='page_1' title='image "./operaomniaedidit03brahuoft/operaomniaedidit03brahuoft_0229.png"; bbox 0 0 2976 4264; ppageno 0'>
   <div class='ocr_carea' id='block_1_1' title="bbox 177 463 2002 556">
    <p class='ocr_par' dir='ltr' id='par_1_1' title="bbox 177 463 2002 556">
     <span class='ocr_line' id='line_1_1' title="bbox 177 463 2002 556; baseline 0.003 -6"><span class='ocrx_word' id='word_1_1' title='bbox 177 505 264 550; x_wconf 86' lang='lat'><strong>704</strong></span> <span class='ocrx_word' id='word_1_2' title='bbox 795 463 1246 556; x_wconf 91' lang='lat' dir='ltr'>CAPVT</span> <span class='ocrx_word' id='word_1_3' title='bbox 1285 463 2002 555; x_wconf 91' lang='lat' dir='ltr'><strong>DECIMVM.</strong></span> 
     </span>
    </p>
   </div>
   <div class='ocr_carea' id='block_1_2' title="bbox 224 586 2499 1065">
    <p class='ocr_par' dir='ltr' id='par_1_2' title="bbox 224 586 2499 1065">
     <span class='ocr_line' id='line_1_2' title="bbox 297 586 2499 663; baseline 0 -15"><span class='ocrx_word' id='word_1_4' title='bbox 297 588 423 648; x_wconf 95' lang='lat' dir='ltr'><strong>DE</strong></span> <span class='ocrx_word' id='word_1_5' title='bbox 451 586 789 649; x_wconf 92' lang='lat' dir='ltr'><strong>EORUM</strong></span> <span class='ocrx_word' id='word_1_6' title='bbox 820 588 1574 659; x_wconf 85' lang='lat' dir='ltr'>OPINATIONIBUS‚</span> <span class='ocrx_word' id='word_1_7' title='bbox 1601 588 1770 663; x_wconf 92' lang='lat' dir='ltr'><strong>QUI</strong></span> <span class='ocrx_word' id='word_1_8' title='bbox 1801 589 2077 649; x_wconf 93' lang='lat' dir='ltr'>NIHIL</span> <span class='ocrx_word' id='word_1_9' title='bbox 2105 589 2415 650; x_wconf 92' lang='lat' dir='ltr'><strong>SOLIDI</strong></span> <span class='ocrx_word' id='word_1_10' title='bbox 2439 589 2499 650; x_wconf 87' lang='lat'>&amp;</span> 
     </span>
     <span class='ocr_line' id='line_1_3' title="bbox 295 679 2499 742; baseline 0 -11"><span class='ocrx_word' id='word_1_11' title='bbox 295 679 618 732; x_wconf 91' lang='lat' dir='ltr'>PROPRIE</span> <span class='ocrx_word' id='word_1_12' title='bbox 634 679 751 731; x_wconf 91' lang='lat' dir='ltr'><strong>AD</strong></span> <span class='ocrx_word' id='word_1_13' title='bbox 773 680 942 732; x_wconf 92' lang='lat' dir='ltr'><strong>REM</strong></span> <span class='ocrx_word' id='word_1_14' title='bbox 962 680 1396 742; x_wconf 89' lang='lat' dir='ltr'><strong>FACIENTIS,</strong></span> <span class='ocrx_word' id='word_1_15' title='bbox 1417 681 1525 733; x_wconf 93' lang='lat' dir='ltr'><strong>DE</strong></span> <span class='ocrx_word' id='word_1_16' title='bbox 1546 680 1722 733; x_wconf 92' lang='lat' dir='ltr'><strong>HAC</strong></span> <span class='ocrx_word' id='word_1_17' title='bbox 1740 680 2035 733; x_wconf 90' lang='lat' dir='ltr'><strong>STELLA</strong></span> <span class='ocrx_word' id='word_1_18' title='bbox 2053 681 2139 732; x_wconf 96' lang='lat' dir='ltr'><strong>IN</strong></span> <span class='ocrx_word' id='word_1_19' title='bbox 2157 680 2499 732; x_wconf 93' lang='lat' dir='ltr'><strong>MEDIUM</strong></span> 
     </span>
     <span class='ocr_line' id='line_1_4' title="bbox 348 762 2449 827; baseline 0 -13"><span class='ocrx_word' id='word_1_20' title='bbox 348 762 956 815; x_wconf 90' lang='lat' dir='ltr'><strong>PROTULERUNT:</strong></span> <span class='ocrx_word' id='word_1_21' title='bbox 979 763 1292 827; x_wconf 90' lang='lat' dir='ltr'><strong>QUIQUE</strong></span> <span class='ocrx_word' id='word_1_22' title='bbox 1313 763 1631 825; x_wconf 90' lang='lat' dir='ltr'><strong>PARTIM,</strong></span> <span class='ocrx_word' id='word_1_23' title='bbox 1653 764 1832 817; x_wconf 94' lang='lat' dir='ltr'><strong>NON</strong></span> <span class='ocrx_word' id='word_1_24' title='bbox 1854 763 2118 816; x_wconf 93' lang='lat' dir='ltr'><strong>FUISSE</strong></span> <span class='ocrx_word' id='word_1_25' title='bbox 2139 763 2449 816; x_wconf 89' lang='lat' dir='ltr'><strong>NOUAM</strong></span> 
     </span>
     <span class='ocr_line' id='line_1_5' title="bbox 224 843 2348 910; baseline 0.001 -14"><span class='ocrx_word' id='word_1_26' title='bbox 224 862 246 896; x_wconf 85' lang='grc'><strong><em>5</em></strong></span> <span class='ocrx_word' id='word_1_27' title='bbox 450 843 1136 906; x_wconf 86' lang='lat' dir='ltr'><strong>CONTENDEBANT,</strong></span> <span class='ocrx_word' id='word_1_28' title='bbox 1158 846 1459 898; x_wconf 91' lang='lat' dir='ltr'><strong>PARTIM</strong></span> <span class='ocrx_word' id='word_1_29' title='bbox 1482 846 1891 900; x_wconf 87' lang='lat' dir='ltr'><strong>COMETAM</strong></span> <span class='ocrx_word' id='word_1_30' title='bbox 1913 846 2348 910; x_wconf 85' lang='lat' dir='ltr'><strong>QUENDAM,</strong></span> 
     </span>
     <span class='ocr_line' id='line_1_6' title="bbox 697 926 2099 992; baseline 0.001 -14"><span class='ocrx_word' id='word_1_31' title='bbox 697 926 1110 992; x_wconf 90' lang='lat' dir='ltr'><strong>TANQUAM</strong></span> <span class='ocrx_word' id='word_1_32' title='bbox 1132 929 1582 983; x_wconf 91' lang='lat' dir='ltr'><strong>METEORON</strong></span> <span class='ocrx_word' id='word_1_33' title='bbox 1603 929 2099 990; x_wconf 90' lang='lat' dir='ltr'><strong>SUBLUNARE,</strong></span> 
     </span>
     <span class='ocr_line' id='line_1_7' title="bbox 998 1011 1804 1065; baseline 0.001 -2"><span class='ocrx_word' id='word_1_34' title='bbox 998 1012 1206 1065; x_wconf 93' lang='lat' dir='ltr'>HINC</span> <span class='ocrx_word' id='word_1_35' title='bbox 1227 1011 1804 1065; x_wconf 91' lang='lat' dir='ltr'>EFFINXERUNT.</span> 
     </span>
    </p>
   </div>
   <div class='ocr_carea' id='block_1_3' title="bbox 203 1100 2505 3497">
    <p class='ocr_par' dir='ltr' id='par_1_3' title="bbox 203 1100 2503 2513">
     <span class='ocr_line' id='line_1_8' title="bbox 513 1100 2499 1172; baseline 0 -20"><span class='ocrx_word' id='word_1_36' title='bbox 513 1165 520 1172; x_wconf 70' lang='lat'><strong>,</strong></span> <span class='ocrx_word' id='word_1_37' title='bbox 555 1137 582 1146; x_wconf 43' lang='lat' dir='ltr'><em>f</em></span> <span class='ocrx_word' id='word_1_38' title='bbox 739 1100 987 1162; x_wconf 91' lang='lat' dir='ltr'><strong>ORVM,</strong></span> <span class='ocrx_word' id='word_1_39' title='bbox 1021 1103 1123 1165; x_wconf 93' lang='lat' dir='ltr'><strong>qui</strong></span> <span class='ocrx_word' id='word_1_40' title='bbox 1153 1100 1348 1153; x_wconf 86' lang='lat' dir='ltr'><strong>stellae</strong></span> <span class='ocrx_word' id='word_1_41' title='bbox 1378 1100 1517 1153; x_wconf 93' lang='lat' dir='ltr'><strong>huic</strong></span> <span class='ocrx_word' id='word_1_42' title='bbox 1545 1101 1868 1165; x_wconf 89' lang='lat' dir='ltr'>aliqualem</span> <span class='ocrx_word' id='word_1_43' title='bbox 1896 1101 2234 1153; x_wconf 83' lang='lat' dir='ltr'><strong>Parauaxin</strong></span> <span class='ocrx_word' id='word_1_44' title='bbox 2263 1100 2499 1153; x_wconf 92' lang='lat' dir='ltr'><strong>attribu-</strong></span> 
     </span>
     <span class='ocr_line' id='line_1_9' title="bbox 526 1171 2500 1232; baseline 0.001 -9"><span class='ocrx_word' id='word_1_45' title='bbox 526 1175 530 1182; x_wconf 84' lang='lat'><em>‘</em></span> <span class='ocrx_word' id='word_1_46' title='bbox 601 1183 630 1207; x_wconf 52' lang='lat'>0</span> <span class='ocrx_word' id='word_1_47' title='bbox 738 1178 924 1232; x_wconf 90' lang='lat' dir='ltr'><strong>erunt,</strong></span> <span class='ocrx_word' id='word_1_48' title='bbox 946 1172 1097 1224; x_wconf 90' lang='lat' dir='ltr'><strong>adeo</strong></span> <span class='ocrx_word' id='word_1_49' title='bbox 1117 1179 1177 1223; x_wconf 88' lang='lat' dir='ltr'><strong>vt</strong></span> <span class='ocrx_word' id='word_1_50' title='bbox 1190 1171 1528 1224; x_wconf 86' lang='lat' dir='ltr'><strong>Affixarum</strong></span> <span class='ocrx_word' id='word_1_51' title='bbox 1542 1172 1857 1224; x_wconf 87' lang='lat' dir='ltr'><strong>Stellarum</strong></span> <span class='ocrx_word' id='word_1_52' title='bbox 1875 1172 2104 1224; x_wconf 91' lang='lat' dir='ltr'><strong>sedibus</strong></span> <span class='ocrx_word' id='word_1_53' title='bbox 2124 1173 2381 1224; x_wconf 86' lang='lat' dir='ltr'><strong>associari</strong></span> <span class='ocrx_word' id='word_1_54' title='bbox 2401 1188 2500 1224; x_wconf 93' lang='lat' dir='ltr'><strong>ne-</strong></span> 
     </span>
     <span class='ocr_line' id='line_1_10' title="bbox 738 1243 2500 1308; baseline 0.001 -15"><span class='ocrx_word' id='word_1_55' title='bbox 738 1245 964 1306; x_wconf 77' lang='lat' dir='ltr'><strong>quierit,</strong></span> <span class='ocrx_word' id='word_1_56' title='bbox 983 1258 1092 1294; x_wconf 91' lang='lat' dir='ltr'><strong>nec</strong></span> <span class='ocrx_word' id='word_1_57' title='bbox 1105 1249 1306 1295; x_wconf 90' lang='lat' dir='ltr'><strong>tamen</strong></span> <span class='ocrx_word' id='word_1_58' title='bbox 1319 1250 1563 1304; x_wconf 86' lang='lat' dir='ltr'><strong>tantam,</strong></span> <span class='ocrx_word' id='word_1_59' title='bbox 1579 1245 1699 1308; x_wconf 74' lang='lat' dir='ltr'><strong>qua</strong></span> <span class='ocrx_word' id='word_1_60' title='bbox 1711 1243 1944 1308; x_wconf 90' lang='lat' dir='ltr'><strong>prorsus</strong></span> <span class='ocrx_word' id='word_1_61' title='bbox 1957 1243 2287 1295; x_wconf 91' lang='lat' dir='ltr'><strong>sublunaris</strong></span> <span class='ocrx_word' id='word_1_62' title='bbox 2301 1243 2500 1295; x_wconf 91' lang='lat' dir='ltr'><strong>redde-</strong></span> 
     </span>
     <span class='ocr_line' id='line_1_11' title="bbox 484 1302 2498 1387; baseline -0 -20"><span class='ocrx_word' id='word_1_63' title='bbox 484 1359 487 1367; x_wconf 31' lang='lat'><strong>,</strong></span> <span class='ocrx_word' id='word_1_64' title='bbox 513 1376 516 1383; x_wconf 23' lang='lat' dir='ltr'><em>r</em></span> <span class='ocrx_word' id='word_1_65' title='bbox 588 1302 627 1387; x_wconf 42' lang='grc' dir='ltr'>ζ</span> <span class='ocrx_word' id='word_1_66' title='bbox 737 1319 911 1374; x_wconf 94' lang='lat' dir='ltr'><strong>retur,</strong></span> <span class='ocrx_word' id='word_1_67' title='bbox 938 1313 1145 1378; x_wconf 88' lang='lat' dir='ltr'><strong>Capite</strong></span> <span class='ocrx_word' id='word_1_68' title='bbox 1169 1314 1566 1374; x_wconf 88' lang='lat' dir='ltr'><strong>antecedente,</strong></span> <span class='ocrx_word' id='word_1_69' title='bbox 1589 1314 1834 1379; x_wconf 89' lang='lat' dir='ltr'><strong>prolata,</strong></span> <span class='ocrx_word' id='word_1_70' title='bbox 1859 1314 2208 1366; x_wconf 86' lang='lat' dir='ltr'><strong>sufficienter</strong></span> <span class='ocrx_word' id='word_1_71' title='bbox 2231 1314 2498 1378; x_wconf 86' lang='lat' dir='ltr'><strong>expensa,</strong></span> 
     </span>
     <span class='ocr_line' id='line_1_12' title="bbox 618 1379 2497 1448; baseline 0.001 -12"><span class='ocrx_word' id='word_1_72' title='bbox 618 1379 645 1437; x_wconf 60' lang='grc' dir='ltr'>ζ</span> <span class='ocrx_word' id='word_1_73' title='bbox 737 1390 914 1448; x_wconf 88' lang='lat' dir='ltr'><strong>atque</strong></span> <span class='ocrx_word' id='word_1_74' title='bbox 939 1383 1042 1436; x_wconf 87' lang='lat' dir='ltr'><strong>sub</strong></span> <span class='ocrx_word' id='word_1_75' title='bbox 1066 1385 1344 1437; x_wconf 89' lang='lat' dir='ltr'><strong>incudem</strong></span> <span class='ocrx_word' id='word_1_76' title='bbox 1365 1388 1624 1437; x_wconf 89' lang='lat' dir='ltr'><strong>veritatis</strong></span> <span class='ocrx_word' id='word_1_77' title='bbox 1650 1386 1754 1437; x_wconf 87' lang='lat' dir='ltr'><strong>esse</strong></span> <span class='ocrx_word' id='word_1_78' title='bbox 1780 1392 2060 1438; x_wconf 91' lang='lat' dir='ltr'><strong>reuocata</strong></span> <span class='ocrx_word' id='word_1_79' title='bbox 2085 1386 2497 1437; x_wconf 86' lang='lat' dir='ltr'><strong>existimantes:</strong></span> 
     </span>
     <span class='ocr_line' id='line_1_13' title="bbox 736 1455 2498 1522; baseline 0.001 -16"><span class='ocrx_word' id='word_1_80' title='bbox 736 1471 896 1507; x_wconf 94' lang='lat' dir='ltr'><strong>nunc</strong></span> <span class='ocrx_word' id='word_1_81' title='bbox 915 1455 1049 1507; x_wconf 93' lang='lat' dir='ltr'><strong>illos</strong></span> <span class='ocrx_word' id='word_1_82' title='bbox 1069 1459 1171 1520; x_wconf 92' lang='lat' dir='ltr'><strong>qui</strong></span> <span class='ocrx_word' id='word_1_83' title='bbox 1190 1459 1389 1508; x_wconf 92' lang='lat' dir='ltr'><strong>minus</strong></span> <span class='ocrx_word' id='word_1_84' title='bbox 1403 1456 1479 1508; x_wconf 88' lang='lat' dir='ltr'><strong>ad</strong></span> <span class='ocrx_word' id='word_1_85' title='bbox 1493 1459 1706 1522; x_wconf 85' lang='lat' dir='ltr'><strong>negotij</strong></span> <span class='ocrx_word' id='word_1_86' title='bbox 1724 1457 2192 1521; x_wconf 74' lang='lat' dir='ltr'><strong>magnitudinem</strong></span> <span class='ocrx_word' id='word_1_87' title='bbox 2207 1456 2498 1517; x_wconf 89' lang='lat' dir='ltr'><strong>facientia,</strong></span> 
     </span>
     <span class='ocr_line' id='line_1_14' title="bbox 297 1525 2498 1592; baseline 0.001 -15"><span class='ocrx_word' id='word_1_88' title='bbox 297 1525 604 1590; x_wconf 92' lang='lat' dir='ltr'><strong>multoque</strong></span> <span class='ocrx_word' id='word_1_89' title='bbox 623 1525 965 1578; x_wconf 83' lang='lat' dir='ltr'><strong>absurdiora</strong></span> <span class='ocrx_word' id='word_1_90' title='bbox 983 1526 1271 1592; x_wconf 83' lang='lat' dir='ltr'><strong>nimisque</strong></span> <span class='ocrx_word' id='word_1_91' title='bbox 1289 1543 1326 1579; x_wconf 90' lang='lat' dir='ltr'><strong>a</strong></span> <span class='ocrx_word' id='word_1_92' title='bbox 1338 1530 1581 1579; x_wconf 88' lang='lat' dir='ltr'><strong>veritate</strong></span> <span class='ocrx_word' id='word_1_93' title='bbox 1602 1525 1982 1588; x_wconf 69' lang='lat' dir='ltr'><strong>deflectentia,</strong></span> <span class='ocrx_word' id='word_1_94' title='bbox 2003 1530 2066 1579; x_wconf 94' lang='lat' dir='ltr'><strong>in</strong></span> <span class='ocrx_word' id='word_1_95' title='bbox 2085 1528 2349 1580; x_wconf 92' lang='lat' dir='ltr'><strong>medium</strong></span> <span class='ocrx_word' id='word_1_96' title='bbox 2367 1543 2498 1591; x_wconf 93' lang='lat' dir='ltr'><strong>pro-</strong></span> 
     </span>
     <span class='ocr_line' id='line_1_15' title="bbox 207 1596 2498 1664; baseline 0.001 -16"><span class='ocrx_word' id='word_1_97' title='bbox 207 1613 249 1648; x_wconf 86' lang='lat'><strong>15</strong></span> <span class='ocrx_word' id='word_1_98' title='bbox 297 1596 447 1648; x_wconf 86' lang='lat' dir='ltr'><strong>ferre</strong></span> <span class='ocrx_word' id='word_1_99' title='bbox 467 1612 592 1649; x_wconf 96' lang='lat' dir='ltr'><strong>non</strong></span> <span class='ocrx_word' id='word_1_100' title='bbox 612 1598 989 1659; x_wconf 89' lang='lat' dir='ltr'><strong>erubuerunt,</strong></span> <span class='ocrx_word' id='word_1_101' title='bbox 1013 1597 1157 1650; x_wconf 89' lang='lat' dir='ltr'><strong>iusto</strong></span> <span class='ocrx_word' id='word_1_102' title='bbox 1179 1598 1447 1650; x_wconf 85' lang='lat' dir='ltr'><strong>examini</strong></span> <span class='ocrx_word' id='word_1_103' title='bbox 1458 1598 1754 1664; x_wconf 84' lang='lat' dir='ltr'><strong>subijcere</strong></span> <span class='ocrx_word' id='word_1_104' title='bbox 1776 1614 1965 1663; x_wconf 90' lang='lat' dir='ltr'><strong>eaque</strong></span> <span class='ocrx_word' id='word_1_105' title='bbox 1985 1599 2241 1664; x_wconf 89' lang='lat' dir='ltr'><strong>indubijs</strong></span> <span class='ocrx_word' id='word_1_106' title='bbox 2262 1601 2498 1651; x_wconf 92' lang='lat' dir='ltr'><strong>rationi-</strong></span> 
     </span>
     <span class='ocr_line' id='line_1_16' title="bbox 296 1667 2498 1734; baseline 0.001 -15"><span class='ocrx_word' id='word_1_107' title='bbox 296 1667 407 1720; x_wconf 93' lang='lat' dir='ltr'><strong>bus</strong></span> <span class='ocrx_word' id='word_1_108' title='bbox 427 1667 667 1730; x_wconf 92' lang='lat' dir='ltr'><strong>diluere,</strong></span> <span class='ocrx_word' id='word_1_109' title='bbox 688 1668 880 1720; x_wconf 85' lang='lat' dir='ltr'><strong>nostra</strong></span> <span class='ocrx_word' id='word_1_110' title='bbox 901 1669 976 1721; x_wconf 84' lang='lat' dir='ltr'><strong>est</strong></span> <span class='ocrx_word' id='word_1_111' title='bbox 994 1672 1257 1721; x_wconf 91' lang='lat' dir='ltr'><strong>intenti0.</strong></span> <span class='ocrx_word' id='word_1_112' title='bbox 1280 1670 1439 1721; x_wconf 91' lang='lat' dir='ltr'><strong>Licet</strong></span> <span class='ocrx_word' id='word_1_113' title='bbox 1459 1673 1620 1721; x_wconf 89' lang='lat' dir='ltr'><strong>enim</strong></span> <span class='ocrx_word' id='word_1_114' title='bbox 1640 1685 1864 1731; x_wconf 93' lang='lat' dir='ltr'><strong>eorum,</strong></span> <span class='ocrx_word' id='word_1_115' title='bbox 1886 1685 2022 1734; x_wconf 87' lang='lat' dir='ltr'><strong>quae</strong></span> <span class='ocrx_word' id='word_1_116' title='bbox 2042 1670 2157 1722; x_wconf 92' lang='lat' dir='ltr'><strong>hoc</strong></span> <span class='ocrx_word' id='word_1_117' title='bbox 2171 1670 2380 1734; x_wconf 92' lang='lat' dir='ltr'><strong>Capite</strong></span> <span class='ocrx_word' id='word_1_118' title='bbox 2395 1669 2498 1721; x_wconf 86' lang='lat' dir='ltr'><strong>dis-</strong></span> 
     </span>
     <span class='ocr_line' id='line_1_17' title="bbox 298 1739 2499 1804; baseline 0 -13"><span class='ocrx_word' id='word_1_119' title='bbox 298 1742 530 1804; x_wconf 88' lang='lat' dir='ltr'><strong>quirere</strong></span> <span class='ocrx_word' id='word_1_120' title='bbox 550 1741 787 1792; x_wconf 91' lang='lat' dir='ltr'><strong>animus</strong></span> <span class='ocrx_word' id='word_1_121' title='bbox 807 1739 899 1801; x_wconf 90' lang='lat' dir='ltr'><strong>est,</strong></span> <span class='ocrx_word' id='word_1_122' title='bbox 919 1739 1155 1801; x_wconf 91' lang='lat' dir='ltr'><strong>Placita,</strong></span> <span class='ocrx_word' id='word_1_123' title='bbox 1177 1740 1460 1792; x_wconf 93' lang='lat' dir='ltr'><strong>eiusmodi</strong></span> <span class='ocrx_word' id='word_1_124' title='bbox 1479 1740 1601 1802; x_wconf 81' lang='lat' dir='ltr'><strong>lint,</strong></span> <span class='ocrx_word' id='word_1_125' title='bbox 1619 1747 1679 1792; x_wconf 88' lang='lat' dir='ltr'><strong>vt</strong></span> <span class='ocrx_word' id='word_1_126' title='bbox 1693 1741 1767 1793; x_wconf 96' lang='lat' dir='ltr'><strong>ob</strong></span> <span class='ocrx_word' id='word_1_127' title='bbox 1781 1743 1979 1792; x_wconf 91' lang='lat' dir='ltr'><strong>minus</strong></span> <span class='ocrx_word' id='word_1_128' title='bbox 1993 1741 2499 1801; x_wconf 90' lang='lat' dir='ltr'><strong>Mathematicam‚</strong></span> 
     </span>
     <span class='ocr_line' id='line_1_18' title="bbox 297 1810 2499 1876; baseline 0 -14"><span class='ocrx_word' id='word_1_129' title='bbox 297 1813 511 1875; x_wconf 91' lang='lat' dir='ltr'><strong>partim</strong></span> <span class='ocrx_word' id='word_1_130' title='bbox 536 1826 640 1876; x_wconf 93' lang='lat' dir='ltr'><strong>per</strong></span> <span class='ocrx_word' id='word_1_131' title='bbox 664 1826 909 1863; x_wconf 87' lang='lat' dir='ltr'><strong>mancas</strong></span> <span class='ocrx_word' id='word_1_132' title='bbox 929 1810 981 1862; x_wconf 87' lang='lat'>&amp;</span> <span class='ocrx_word' id='word_1_133' title='bbox 1000 1811 1351 1864; x_wconf 89' lang='lat' dir='ltr'><strong>frustraneas</strong></span> <span class='ocrx_word' id='word_1_134' title='bbox 1375 1811 1846 1872; x_wconf 84' lang='lat' dir='ltr'><strong>ObseruationeS,</strong></span> <span class='ocrx_word' id='word_1_135' title='bbox 1872 1815 2086 1876; x_wconf 88' lang='lat' dir='ltr'><strong>partim</strong></span> <span class='ocrx_word' id='word_1_136' title='bbox 2111 1812 2322 1872; x_wconf 82' lang='lat' dir='ltr'><strong>nullaS‚</strong></span> <span class='ocrx_word' id='word_1_137' title='bbox 2350 1812 2499 1864; x_wconf 92' lang='lat' dir='ltr'><strong>deci-</strong></span> 
     </span>
     <span class='ocr_line' id='line_1_19' title="bbox 297 1881 2502 1947; baseline 0.001 -14"><span class='ocrx_word' id='word_1_138' title='bbox 297 1881 536 1943; x_wconf 80' lang='lat' dir='ltr'><strong>sionem,</strong></span> <span class='ocrx_word' id='word_1_139' title='bbox 562 1881 820 1947; x_wconf 92' lang='lat' dir='ltr'><strong>indigna,</strong></span> <span class='ocrx_word' id='word_1_140' title='bbox 847 1882 1100 1947; x_wconf 91' lang='lat' dir='ltr'><strong>ideoque</strong></span> <span class='ocrx_word' id='word_1_141' title='bbox 1125 1882 1350 1934; x_wconf 89' lang='lat' dir='ltr'><strong>filentio</strong></span> <span class='ocrx_word' id='word_1_142' title='bbox 1375 1886 1571 1947; x_wconf 92' lang='lat' dir='ltr'><strong>potius</strong></span> <span class='ocrx_word' id='word_1_143' title='bbox 1596 1883 2023 1947; x_wconf 72' lang='lat' dir='ltr'><strong>praetereunda,</strong></span> <span class='ocrx_word' id='word_1_144' title='bbox 2051 1899 2233 1947; x_wconf 93' lang='lat' dir='ltr'><strong>quam</strong></span> <span class='ocrx_word' id='word_1_145' title='bbox 2259 1883 2502 1947; x_wconf 92' lang='lat' dir='ltr'><strong>operosa</strong></span> 
     </span>
     <span class='ocr_line' id='line_1_20' title="bbox 203 1952 2500 2019; baseline 0 -15"><span class='ocrx_word' id='word_1_146' title='bbox 203 1969 250 2004; x_wconf 88' lang='lat'><strong>20</strong></span> <span class='ocrx_word' id='word_1_147' title='bbox 299 1952 759 2006; x_wconf 84' lang='lat' dir='ltr'><strong>consideratione</strong></span> <span class='ocrx_word' id='word_1_148' title='bbox 774 1953 1178 2018; x_wconf 84' lang='lat' dir='ltr'><strong>expendenda,</strong></span> <span class='ocrx_word' id='word_1_149' title='bbox 1200 1954 1417 2006; x_wconf 90' lang='lat' dir='ltr'><strong>censeri</strong></span> <span class='ocrx_word' id='word_1_150' title='bbox 1431 1961 1673 2019; x_wconf 90' lang='lat' dir='ltr'><strong>queant:</strong></span> <span class='ocrx_word' id='word_1_151' title='bbox 1695 1954 1789 2006; x_wconf 94' lang='lat' dir='ltr'><strong>Ne</strong></span> <span class='ocrx_word' id='word_1_152' title='bbox 1803 1960 2004 2006; x_wconf 90' lang='lat' dir='ltr'><strong>tamen</strong></span> <span class='ocrx_word' id='word_1_153' title='bbox 2017 1954 2113 2006; x_wconf 85' lang='lat' dir='ltr'><strong>hae</strong></span> <span class='ocrx_word' id='word_1_154' title='bbox 2128 1954 2265 2018; x_wconf 85' lang='lat' dir='ltr'><strong>ipsae</strong></span> <span class='ocrx_word' id='word_1_155' title='bbox 2280 1953 2500 2019; x_wconf 83' lang='lat' dir='ltr'><strong>quales-</strong></span> 
     </span>
     <span class='ocr_line' id='line_1_21' title="bbox 299 2027 2503 2090; baseline 0 -14"><span class='ocrx_word' id='word_1_156' title='bbox 299 2040 531 2089; x_wconf 92' lang='lat' dir='ltr'><strong>cunque</strong></span> <span class='ocrx_word' id='word_1_157' title='bbox 543 2027 915 2089; x_wconf 85' lang='lat' dir='ltr'><strong>opinationes</strong></span> <span class='ocrx_word' id='word_1_158' title='bbox 928 2027 1211 2090; x_wconf 92' lang='lat' dir='ltr'><strong>imperitis</strong></span> <span class='ocrx_word' id='word_1_159' title='bbox 1224 2031 1401 2090; x_wconf 92' lang='lat' dir='ltr'><strong>atque</strong></span> <span class='ocrx_word' id='word_1_160' title='bbox 1412 2028 1662 2077; x_wconf 89' lang='lat' dir='ltr'><strong>incautis</strong></span> <span class='ocrx_word' id='word_1_161' title='bbox 1673 2028 1998 2089; x_wconf 90' lang='lat' dir='ltr'><strong>imponant,</strong></span> <span class='ocrx_word' id='word_1_162' title='bbox 2010 2032 2187 2090; x_wconf 93' lang='lat' dir='ltr'><strong>atque</strong></span> <span class='ocrx_word' id='word_1_163' title='bbox 2198 2041 2235 2077; x_wconf 91' lang='lat' dir='ltr'><strong>a</strong></span> <span class='ocrx_word' id='word_1_164' title='bbox 2244 2027 2503 2077; x_wconf 88' lang='lat' dir='ltr'><strong>veritatis</strong></span> 
     </span>
     <span class='ocr_line' id='line_1_22' title="bbox 297 2095 2503 2161; baseline 0 -14"><span class='ocrx_word' id='word_1_165' title='bbox 297 2098 527 2148; x_wconf 92' lang='lat' dir='ltr'><strong>tramite</strong></span> <span class='ocrx_word' id='word_1_166' title='bbox 547 2098 611 2147; x_wconf 94' lang='lat' dir='ltr'><strong>in</strong></span> <span class='ocrx_word' id='word_1_167' title='bbox 630 2095 807 2148; x_wconf 90' lang='lat' dir='ltr'><strong>deuia</strong></span> <span class='ocrx_word' id='word_1_168' title='bbox 821 2095 874 2148; x_wconf 75' lang='lat'><strong>81</strong></span> <span class='ocrx_word' id='word_1_169' title='bbox 887 2112 1045 2148; x_wconf 89' lang='lat' dir='ltr'><strong>vana</strong></span> <span class='ocrx_word' id='word_1_170' title='bbox 1065 2111 1166 2148; x_wconf 91' lang='lat' dir='ltr'><strong>eos</strong></span> <span class='ocrx_word' id='word_1_171' title='bbox 1186 2096 1498 2161; x_wconf 82' lang='lat' dir='ltr'><strong>pelliciam,</strong></span> <span class='ocrx_word' id='word_1_172' title='bbox 1521 2112 1645 2148; x_wconf 93' lang='lat' dir='ltr'><strong>non</strong></span> <span class='ocrx_word' id='word_1_173' title='bbox 1661 2096 1893 2160; x_wconf 90' lang='lat' dir='ltr'><strong>prorsus</strong></span> <span class='ocrx_word' id='word_1_174' title='bbox 1908 2095 2012 2148; x_wconf 94' lang='lat' dir='ltr'><strong>abs</strong></span> <span class='ocrx_word' id='word_1_175' title='bbox 2026 2112 2088 2148; x_wconf 91' lang='lat' dir='ltr'><strong>re</strong></span> <span class='ocrx_word' id='word_1_176' title='bbox 2102 2112 2198 2148; x_wconf 92' lang='lat' dir='ltr'><strong>me</strong></span> <span class='ocrx_word' id='word_1_177' title='bbox 2212 2095 2503 2149; x_wconf 73' lang='lat' dir='ltr'><strong>facturum</strong></span> 
     </span>
     <span class='ocr_line' id='line_1_23' title="bbox 298 2166 2501 2233; baseline 0 -15"><span class='ocrx_word' id='word_1_178' title='bbox 298 2166 562 2228; x_wconf 91' lang='lat' dir='ltr'><strong>arbitror,</strong></span> <span class='ocrx_word' id='word_1_179' title='bbox 574 2166 616 2218; x_wconf 89' lang='lat' dir='ltr'>fi</span> <span class='ocrx_word' id='word_1_180' title='bbox 626 2167 981 2219; x_wconf 87' lang='lat' dir='ltr'><strong>nonnullam</strong></span> <span class='ocrx_word' id='word_1_181' title='bbox 995 2183 1234 2232; x_wconf 92' lang='lat' dir='ltr'><strong>quoque</strong></span> <span class='ocrx_word' id='word_1_182' title='bbox 1247 2170 1310 2219; x_wconf 95' lang='lat' dir='ltr'><strong>in</strong></span> <span class='ocrx_word' id='word_1_183' title='bbox 1323 2166 1417 2219; x_wconf 93' lang='lat' dir='ltr'><strong>his</strong></span> <span class='ocrx_word' id='word_1_184' title='bbox 1431 2167 1844 2233; x_wconf 83' lang='lat' dir='ltr'><strong>cognoscendis</strong></span> <span class='ocrx_word' id='word_1_185' title='bbox 1858 2174 2033 2232; x_wconf 91' lang='lat' dir='ltr'><strong>atque</strong></span> <span class='ocrx_word' id='word_1_186' title='bbox 2045 2167 2353 2228; x_wconf 85' lang='lat' dir='ltr'><strong>diluendiS,</strong></span> <span class='ocrx_word' id='word_1_187' title='bbox 2367 2183 2501 2232; x_wconf 93' lang='lat' dir='ltr'><strong>ope—</strong></span> 
     </span>
     <span class='ocr_line' id='line_1_24' title="bbox 298 2237 2503 2304; baseline 0 -15"><span class='ocrx_word' id='word_1_188' title='bbox 298 2253 428 2290; x_wconf 85' lang='lat' dir='ltr'><strong>ram</strong></span> <span class='ocrx_word' id='word_1_189' title='bbox 437 2237 822 2290; x_wconf 90' lang='lat' dir='ltr'><strong>insumserim:</strong></span> <span class='ocrx_word' id='word_1_190' title='bbox 835 2238 1198 2303; x_wconf 91' lang='lat' dir='ltr'><strong>Nouamque</strong></span> <span class='ocrx_word' id='word_1_191' title='bbox 1209 2238 1365 2291; x_wconf 88' lang='lat' dir='ltr'><strong>hanc</strong></span> <span class='ocrx_word' id='word_1_192' title='bbox 1377 2239 1634 2300; x_wconf 91' lang='lat' dir='ltr'><strong>Stellam,</strong></span> <span class='ocrx_word' id='word_1_193' title='bbox 1646 2238 1820 2304; x_wconf 87' lang='lat' dir='ltr'><strong>supra</strong></span> <span class='ocrx_word' id='word_1_194' title='bbox 1829 2239 2076 2291; x_wconf 94' lang='lat' dir='ltr'><strong>modum</strong></span> <span class='ocrx_word' id='word_1_195' title='bbox 2086 2238 2503 2291; x_wconf 93' lang='lat' dir='ltr'><strong>admirandum</strong></span> 
     </span>
     <span class='ocr_line' id='line_1_25' title="bbox 204 2308 2503 2376; baseline -0 -15"><span class='ocrx_word' id='word_1_196' title='bbox 204 2326 251 2361; x_wconf 89' lang='lat'><strong>25</strong></span> <span class='ocrx_word' id='word_1_197' title='bbox 299 2308 474 2361; x_wconf 91' lang='lat' dir='ltr'><strong>nostri</strong></span> <span class='ocrx_word' id='word_1_198' title='bbox 487 2308 663 2361; x_wconf 93' lang='lat' dir='ltr'><strong>seculi</strong></span> <span class='ocrx_word' id='word_1_199' title='bbox 677 2309 979 2371; x_wconf 92' lang='lat' dir='ltr'><strong>ostentum,</strong></span> <span class='ocrx_word' id='word_1_200' title='bbox 995 2326 1032 2362; x_wconf 91' lang='lat' dir='ltr'><strong>a</strong></span> <span class='ocrx_word' id='word_1_201' title='bbox 1044 2313 1221 2362; x_wconf 91' lang='lat' dir='ltr'><strong>tantis</strong></span> <span class='ocrx_word' id='word_1_202' title='bbox 1234 2313 1465 2376; x_wconf 91' lang='lat' dir='ltr'><strong>iniurijs</strong></span> <span class='ocrx_word' id='word_1_203' title='bbox 1479 2317 1655 2375; x_wconf 92' lang='lat' dir='ltr'><strong>atque</strong></span> <span class='ocrx_word' id='word_1_204' title='bbox 1669 2309 1976 2375; x_wconf 83' lang='lat' dir='ltr'><strong>figmentiS,</strong></span> <span class='ocrx_word' id='word_1_205' title='bbox 1999 2310 2211 2374; x_wconf 92' lang='lat' dir='ltr'><strong>quibus</strong></span> <span class='ocrx_word' id='word_1_206' title='bbox 2228 2309 2503 2361; x_wconf 92' lang='lat' dir='ltr'><strong>nonnulli</strong></span> 
     </span>
     <span class='ocr_line' id='line_1_26' title="bbox 301 2379 2501 2446; baseline -0 -14"><span class='ocrx_word' id='word_1_207' title='bbox 301 2395 451 2441; x_wconf 92' lang='lat' dir='ltr'><strong>eam,</strong></span> <span class='ocrx_word' id='word_1_208' title='bbox 477 2379 596 2432; x_wconf 79' lang='lat' dir='ltr'><strong>siue</strong></span> <span class='ocrx_word' id='word_1_209' title='bbox 622 2396 726 2445; x_wconf 92' lang='lat' dir='ltr'><strong>per</strong></span> <span class='ocrx_word' id='word_1_210' title='bbox 747 2381 1048 2442; x_wconf 89' lang='lat' dir='ltr'><strong>inscitiam,</strong></span> <span class='ocrx_word' id='word_1_211' title='bbox 1075 2381 1195 2433; x_wconf 89' lang='lat' dir='ltr'><strong>fiue</strong></span> <span class='ocrx_word' id='word_1_212' title='bbox 1216 2397 1289 2433; x_wconf 84' lang='lat' dir='ltr'><strong>ex</strong></span> <span class='ocrx_word' id='word_1_213' title='bbox 1307 2384 1539 2434; x_wconf 91' lang='lat' dir='ltr'><strong>incuria</strong></span> <span class='ocrx_word' id='word_1_214' title='bbox 1558 2381 1819 2446; x_wconf 91' lang='lat' dir='ltr'><strong>quadam</strong></span> <span class='ocrx_word' id='word_1_215' title='bbox 1839 2381 2111 2446; x_wconf 86' lang='lat' dir='ltr'><strong>&amp;inepta</strong></span> <span class='ocrx_word' id='word_1_216' title='bbox 2129 2381 2501 2432; x_wconf 90' lang='lat' dir='ltr'><strong>animaduer-</strong></span> 
     </span>
     <span class='ocr_line' id='line_1_27' title="bbox 299 2450 1175 2513; baseline 0.001 -10"><span class='ocrx_word' id='word_1_217' title='bbox 299 2451 475 2513; x_wconf 90' lang='lat' dir='ltr'><strong>fione,</strong></span> <span class='ocrx_word' id='word_1_218' title='bbox 496 2450 835 2513; x_wconf 85' lang='lat' dir='ltr'><strong>affecerunt,</strong></span> <span class='ocrx_word' id='word_1_219' title='bbox 855 2453 1175 2504; x_wconf 77' lang='lat' dir='ltr'><strong>vindicam.</strong></span> 
     </span>
    </p>

    <p class='ocr_par' dir='ltr' id='par_1_4' title="bbox 205 2522 2505 3497">
     <span class='ocr_line' id='line_1_28' title="bbox 370 2522 2501 2588; baseline -0 -14"><span class='ocrx_word' id='word_1_220' title='bbox 370 2523 514 2575; x_wconf 90' lang='lat' dir='ltr'><strong>Vtar</strong></span> <span class='ocrx_word' id='word_1_221' title='bbox 527 2530 728 2575; x_wconf 90' lang='lat' dir='ltr'><strong>autem</strong></span> <span class='ocrx_word' id='word_1_222' title='bbox 740 2526 804 2575; x_wconf 93' lang='lat' dir='ltr'><strong>in</strong></span> <span class='ocrx_word' id='word_1_223' title='bbox 817 2522 931 2575; x_wconf 92' lang='lat' dir='ltr'><strong>hoc</strong></span> <span class='ocrx_word' id='word_1_224' title='bbox 944 2523 1149 2575; x_wconf 89' lang='lat' dir='ltr'><strong>vltimo</strong></span> <span class='ocrx_word' id='word_1_225' title='bbox 1165 2526 1352 2588; x_wconf 92' lang='lat' dir='ltr'><strong>capite</strong></span> <span class='ocrx_word' id='word_1_226' title='bbox 1368 2523 1481 2575; x_wconf 92' lang='lat' dir='ltr'><strong>hac</strong></span> <span class='ocrx_word' id='word_1_227' title='bbox 1496 2522 1907 2575; x_wconf 90' lang='lat' dir='ltr'><strong>distributionis</strong></span> <span class='ocrx_word' id='word_1_228' title='bbox 1920 2522 2079 2579; x_wconf 90' lang='lat' dir='ltr'><strong>serie,</strong></span> <span class='ocrx_word' id='word_1_229' title='bbox 2099 2528 2160 2573; x_wconf 89' lang='lat' dir='ltr'><strong>vt</strong></span> <span class='ocrx_word' id='word_1_230' title='bbox 2178 2537 2278 2574; x_wconf 91' lang='lat' dir='ltr'><strong>eos</strong></span> <span class='ocrx_word' id='word_1_231' title='bbox 2292 2525 2501 2586; x_wconf 83' lang='lat' dir='ltr'><strong>prime,</strong></span> 
     </span>
     <span class='ocr_line' id='line_1_29' title="bbox 301 2592 2502 2658; baseline -0 -13"><span class='ocrx_word' id='word_1_232' title='bbox 301 2596 421 2658; x_wconf 93' lang='lat' dir='ltr'><strong>qui,</strong></span> <span class='ocrx_word' id='word_1_233' title='bbox 442 2609 522 2646; x_wconf 94' lang='lat' dir='ltr'><strong>an</strong></span> <span class='ocrx_word' id='word_1_234' title='bbox 539 2593 719 2646; x_wconf 93' lang='lat' dir='ltr'><strong>Stella</strong></span> <span class='ocrx_word' id='word_1_235' title='bbox 738 2593 868 2646; x_wconf 87' lang='lat' dir='ltr'><strong>haec</strong></span> <span class='ocrx_word' id='word_1_236' title='bbox 886 2594 1060 2646; x_wconf 86' lang='lat' dir='ltr'><strong>fuerit</strong></span> <span class='ocrx_word' id='word_1_237' title='bbox 1075 2594 1349 2654; x_wconf 82' lang='lat' dir='ltr'><strong>CaelestiS,</strong></span> <span class='ocrx_word' id='word_1_238' title='bbox 1371 2610 1451 2646; x_wconf 92' lang='lat' dir='ltr'><strong>an</strong></span> <span class='ocrx_word' id='word_1_239' title='bbox 1464 2609 1606 2645; x_wconf 90' lang='lat' dir='ltr'><strong>vero</strong></span> <span class='ocrx_word' id='word_1_240' title='bbox 1621 2594 2025 2654; x_wconf 84' lang='lat' dir='ltr'><strong>ElementariS,</strong></span> <span class='ocrx_word' id='word_1_241' title='bbox 2042 2608 2073 2644; x_wconf 94' lang='lat' dir='ltr'><strong>e</strong></span> <span class='ocrx_word' id='word_1_242' title='bbox 2087 2592 2201 2644; x_wconf 87' lang='lat' dir='ltr'><strong>suis</strong></span> <span class='ocrx_word' id='word_1_243' title='bbox 2218 2593 2502 2645; x_wconf 90' lang='lat' dir='ltr'><strong>Obserua-</strong></span> 
     </span>
     <span class='ocr_line' id='line_1_30' title="bbox 205 2663 2501 2729; baseline 0 -13"><span class='ocrx_word' id='word_1_244' title='bbox 205 2680 252 2716; x_wconf 87' lang='lat'><strong>30</strong></span> <span class='ocrx_word' id='word_1_245' title='bbox 299 2664 558 2716; x_wconf 86' lang='lat' dir='ltr'><strong>tionibus</strong></span> <span class='ocrx_word' id='word_1_246' title='bbox 572 2663 625 2715; x_wconf 86' lang='lat'>&amp;</span> <span class='ocrx_word' id='word_1_247' title='bbox 639 2665 1248 2717; x_wconf 84' lang='lat' dir='ltr'><strong>Demonstrationibus</strong></span> <span class='ocrx_word' id='word_1_248' title='bbox 1261 2681 1386 2716; x_wconf 95' lang='lat' dir='ltr'><strong>non</strong></span> <span class='ocrx_word' id='word_1_249' title='bbox 1400 2665 1755 2725; x_wconf 91' lang='lat' dir='ltr'><strong>deciderunt,</strong></span> <span class='ocrx_word' id='word_1_250' title='bbox 1770 2664 1865 2716; x_wconf 92' lang='lat' dir='ltr'><strong>sed</strong></span> <span class='ocrx_word' id='word_1_251' title='bbox 1879 2664 2026 2716; x_wconf 78' lang='lat' dir='ltr'><strong>alias</strong></span> <span class='ocrx_word' id='word_1_252' title='bbox 2040 2666 2102 2715; x_wconf 93' lang='lat' dir='ltr'><strong>in</strong></span> <span class='ocrx_word' id='word_1_253' title='bbox 2116 2679 2327 2729; x_wconf 86' lang='lat' dir='ltr'><strong>genere</strong></span> <span class='ocrx_word' id='word_1_254' title='bbox 2343 2679 2501 2728; x_wconf 87' lang='lat' dir='ltr'><strong>quae-</strong></span> 
     </span>
     <span class='ocr_line' id='line_1_31' title="bbox 302 2733 2502 2800; baseline -0 -13"><span class='ocrx_word' id='word_1_255' title='bbox 302 2735 440 2788; x_wconf 91' lang='lat' dir='ltr'><strong>dam</strong></span> <span class='ocrx_word' id='word_1_256' title='bbox 459 2735 532 2787; x_wconf 92' lang='lat' dir='ltr'><strong>de</strong></span> <span class='ocrx_word' id='word_1_257' title='bbox 551 2734 680 2796; x_wconf 92' lang='lat' dir='ltr'><strong>hac,</strong></span> <span class='ocrx_word' id='word_1_258' title='bbox 701 2735 1021 2800; x_wconf 86' lang='lat' dir='ltr'><strong>praesertim</strong></span> <span class='ocrx_word' id='word_1_259' title='bbox 1041 2751 1161 2800; x_wconf 92' lang='lat' dir='ltr'><strong>quo</strong></span> <span class='ocrx_word' id='word_1_260' title='bbox 1181 2736 1258 2788; x_wconf 89' lang='lat' dir='ltr'><strong>ad</strong></span> <span class='ocrx_word' id='word_1_261' title='bbox 1270 2738 1717 2787; x_wconf 88' lang='lat' dir='ltr'><strong>vaticinationes</strong></span> <span class='ocrx_word' id='word_1_262' title='bbox 1738 2734 1790 2786; x_wconf 87' lang='lat'>&amp;</span> <span class='ocrx_word' id='word_1_263' title='bbox 1809 2733 2258 2800; x_wconf 69' lang='lat' dir='ltr'><strong>praediclionum</strong></span> <span class='ocrx_word' id='word_1_264' title='bbox 2278 2738 2502 2786; x_wconf 92' lang='lat' dir='ltr'><strong>coniec-</strong></span> 
     </span>
     <span class='ocr_line' id='line_1_32' title="bbox 300 2805 2502 2871; baseline -0 -13"><span class='ocrx_word' id='word_1_265' title='bbox 300 2813 462 2858; x_wconf 92' lang='lat' dir='ltr'><strong>turas</strong></span> <span class='ocrx_word' id='word_1_266' title='bbox 487 2806 871 2871; x_wconf 91' lang='lat' dir='ltr'><strong>protulerunt,</strong></span> <span class='ocrx_word' id='word_1_267' title='bbox 902 2806 1273 2858; x_wconf 69' lang='lat' dir='ltr'><strong>examinabo</strong></span> <span class='ocrx_word' id='word_1_268' title='bbox 1307 2807 1375 2858; x_wconf 95' lang='lat' dir='ltr'><strong>In</strong></span> <span class='ocrx_word' id='word_1_269' title='bbox 1401 2822 1657 2871; x_wconf 89' lang='lat' dir='ltr'><strong>quorum</strong></span> <span class='ocrx_word' id='word_1_270' title='bbox 1682 2821 1933 2858; x_wconf 92' lang='lat' dir='ltr'><strong>numero</strong></span> <span class='ocrx_word' id='word_1_271' title='bbox 1960 2805 2035 2857; x_wconf 90' lang='lat' dir='ltr'><strong>est</strong></span> <span class='ocrx_word' id='word_1_272' title='bbox 2061 2805 2502 2858; x_wconf 90' lang='lat' dir='ltr'>CYPRIANVS</span> 
     </span>
     <span class='ocr_line' id='line_1_33' title="bbox 302 2876 2502 2938; baseline -0 -9"><span class='ocrx_word' id='word_1_273' title='bbox 302 2876 731 2938; x_wconf 91' lang='lat' dir='ltr'><strong>LEOVITIVS,</strong></span> <span class='ocrx_word' id='word_1_274' title='bbox 758 2877 1013 2928; x_wconf 87' lang='lat' dir='ltr'><strong>DAVID</strong></span> <span class='ocrx_word' id='word_1_275' title='bbox 1042 2876 1487 2930; x_wconf 91' lang='lat' dir='ltr'><strong>CHYTRAEVS</strong></span> <span class='ocrx_word' id='word_1_276' title='bbox 1514 2877 1566 2929; x_wconf 66' lang='grc' dir='ltr'>ἃ</span> <span class='ocrx_word' id='word_1_277' title='bbox 1593 2877 1770 2930; x_wconf 90' lang='lat' dir='ltr'><strong>GVL.</strong></span> <span class='ocrx_word' id='word_1_278' title='bbox 1798 2876 2239 2929; x_wconf 93' lang='lat' dir='ltr'><strong>POSTELLVS.</strong></span> <span class='ocrx_word' id='word_1_279' title='bbox 2271 2877 2502 2928; x_wconf 90' lang='lat' dir='ltr'><strong>Deinde</strong></span> 
     </span>
     <span class='ocr_line' id='line_1_34' title="bbox 301 2947 2504 3013; baseline 0 -13"><span class='ocrx_word' id='word_1_280' title='bbox 301 2955 417 3000; x_wconf 92' lang='lat' dir='ltr'><strong>tres</strong></span> <span class='ocrx_word' id='word_1_281' title='bbox 437 2947 586 3000; x_wconf 93' lang='lat' dir='ltr'><strong>alios</strong></span> <span class='ocrx_word' id='word_1_282' title='bbox 605 2947 967 3013; x_wconf 91' lang='lat' dir='ltr'><strong>subiungam‚</strong></span> <span class='ocrx_word' id='word_1_283' title='bbox 990 2951 1092 3013; x_wconf 91' lang='lat' dir='ltr'><strong>qui</strong></span> <span class='ocrx_word' id='word_1_284' title='bbox 1106 2947 1348 3000; x_wconf 91' lang='lat' dir='ltr'><strong>Stellam</strong></span> <span class='ocrx_word' id='word_1_285' title='bbox 1366 2947 1538 3009; x_wconf 91' lang='lat' dir='ltr'><strong>hanc,</strong></span> <span class='ocrx_word' id='word_1_286' title='bbox 1558 2951 1772 3013; x_wconf 91' lang='lat' dir='ltr'><strong>partim</strong></span> <span class='ocrx_word' id='word_1_287' title='bbox 1786 2963 1859 2999; x_wconf 86' lang='lat' dir='ltr'><strong>ex</strong></span> <span class='ocrx_word' id='word_1_288' title='bbox 1874 2947 2230 2999; x_wconf 88' lang='lat' dir='ltr'><strong>Elementari</strong></span> <span class='ocrx_word' id='word_1_289' title='bbox 2244 2948 2504 3012; x_wconf 89' lang='lat' dir='ltr'><strong>quadam</strong></span> 
     </span>
     <span class='ocr_line' id='line_1_35' title="bbox 208 3018 2503 3084; baseline -0 -13"><span class='ocrx_word' id='word_1_290' title='bbox 208 3036 255 3071; x_wconf 88' lang='lat'><strong>35</strong></span> <span class='ocrx_word' id='word_1_291' title='bbox 304 3019 622 3080; x_wconf 89' lang='lat' dir='ltr'><strong>occafione,</strong></span> <span class='ocrx_word' id='word_1_292' title='bbox 648 3022 862 3084; x_wconf 91' lang='lat' dir='ltr'><strong>partim</strong></span> <span class='ocrx_word' id='word_1_293' title='bbox 883 3018 1127 3079; x_wconf 84' lang='lat' dir='ltr'><strong>Caelesti,</strong></span> <span class='ocrx_word' id='word_1_294' title='bbox 1148 3025 1589 3084; x_wconf 88' lang='lat' dir='ltr'><strong>augmentatam</strong></span> <span class='ocrx_word' id='word_1_295' title='bbox 1608 3025 1785 3083; x_wconf 91' lang='lat' dir='ltr'><strong>atque</strong></span> <span class='ocrx_word' id='word_1_296' title='bbox 1805 3018 2145 3070; x_wconf 85' lang='lat' dir='ltr'><strong>illustratam</strong></span> <span class='ocrx_word' id='word_1_297' title='bbox 2163 3018 2318 3070; x_wconf 90' lang='lat' dir='ltr'><strong>fuisse</strong></span> <span class='ocrx_word' id='word_1_298' title='bbox 2338 3019 2503 3070; x_wconf 89' lang='lat' dir='ltr'><strong>volu-</strong></span> 
     </span>
     <span class='ocr_line' id='line_1_36' title="bbox 304 3089 2505 3155; baseline -0 -13"><span class='ocrx_word' id='word_1_299' title='bbox 304 3097 491 3151; x_wconf 92' lang='lat' dir='ltr'><strong>erunt,</strong></span> <span class='ocrx_word' id='word_1_300' title='bbox 505 3097 701 3155; x_wconf 87' lang='lat' dir='ltr'><strong>vtpote</strong></span> <span class='ocrx_word' id='word_1_301' title='bbox 722 3090 1276 3142; x_wconf 92' lang='lat' dir='ltr'>HANNIBALEM</span> <span class='ocrx_word' id='word_1_302' title='bbox 1294 3090 1820 3151; x_wconf 86' lang='lat' dir='ltr'><strong>RAIMVNDVM,</strong></span> <span class='ocrx_word' id='word_1_303' title='bbox 1842 3089 2437 3142; x_wconf 89' lang='lat' dir='ltr'>FRANGIPANVM</span> <span class='ocrx_word' id='word_1_304' title='bbox 2453 3090 2505 3141; x_wconf 86' lang='lat'>&amp;</span> 
     </span>
     <span class='ocr_line' id='line_1_37' title="bbox 302 3160 2503 3225; baseline -0 -12"><span class='ocrx_word' id='word_1_305' title='bbox 302 3161 795 3214; x_wconf 88' lang='lat' dir='ltr'><strong>ANONYMVM</strong></span> <span class='ocrx_word' id='word_1_306' title='bbox 816 3161 1130 3225; x_wconf 91' lang='lat' dir='ltr'><strong>quendam.</strong></span> <span class='ocrx_word' id='word_1_307' title='bbox 1155 3161 1418 3213; x_wconf 92' lang='lat' dir='ltr'><strong>Demum</strong></span> <span class='ocrx_word' id='word_1_308' title='bbox 1439 3176 1556 3221; x_wconf 93' lang='lat' dir='ltr'><strong>eos,</strong></span> <span class='ocrx_word' id='word_1_309' title='bbox 1578 3163 1681 3225; x_wconf 91' lang='lat' dir='ltr'><strong>qui</strong></span> <span class='ocrx_word' id='word_1_310' title='bbox 1699 3161 1932 3225; x_wconf 87' lang='lat' dir='ltr'><strong>prorsus</strong></span> <span class='ocrx_word' id='word_1_311' title='bbox 1952 3160 2385 3213; x_wconf 91' lang='lat' dir='ltr'><strong>Elementarem</strong></span> <span class='ocrx_word' id='word_1_312' title='bbox 2409 3177 2503 3213; x_wconf 85' lang='lat' dir='ltr'><strong>ex-</strong></span> 
     </span>
     <span class='ocr_line' id='line_1_38' title="bbox 303 3231 2504 3297; baseline -0.001 -12"><span class='ocrx_word' id='word_1_313' title='bbox 303 3233 478 3292; x_wconf 86' lang='lat' dir='ltr'><strong>titisse,</strong></span> <span class='ocrx_word' id='word_1_314' title='bbox 500 3231 553 3284; x_wconf 77' lang='lat'><strong>81</strong></span> <span class='ocrx_word' id='word_1_315' title='bbox 571 3231 885 3284; x_wconf 88' lang='lat' dir='ltr'><strong>sublunare</strong></span> <span class='ocrx_word' id='word_1_316' title='bbox 905 3232 1221 3284; x_wconf 92' lang='lat' dir='ltr'><strong>Meteoron</strong></span> <span class='ocrx_word' id='word_1_317' title='bbox 1241 3231 1653 3297; x_wconf 90' lang='lat' dir='ltr'><strong>opinabantur,</strong></span> <span class='ocrx_word' id='word_1_318' title='bbox 1674 3235 1824 3283; x_wconf 93' lang='lat' dir='ltr'><strong>inter</strong></span> <span class='ocrx_word' id='word_1_319' title='bbox 1844 3247 1993 3296; x_wconf 92' lang='lat' dir='ltr'><strong>quos</strong></span> <span class='ocrx_word' id='word_1_320' title='bbox 2014 3239 2184 3283; x_wconf 90' lang='lat' dir='ltr'><strong>erunt</strong></span> <span class='ocrx_word' id='word_1_321' title='bbox 2203 3232 2504 3284; x_wconf 91' lang='lat' dir='ltr'><strong>ANDRE-</strong></span> 
     </span>
     <span class='ocr_line' id='line_1_39' title="bbox 304 3302 2504 3364; baseline -0 -9"><span class='ocrx_word' id='word_1_322' title='bbox 304 3303 403 3356; x_wconf 91' lang='lat' dir='ltr'><strong>AS</strong></span> <span class='ocrx_word' id='word_1_323' title='bbox 422 3302 847 3363; x_wconf 86' lang='lat' dir='ltr'>NOLTHIVS‚</span> <span class='ocrx_word' id='word_1_324' title='bbox 869 3302 1272 3355; x_wconf 89' lang='lat' dir='ltr'><strong>GEORGIVS</strong></span> <span class='ocrx_word' id='word_1_325' title='bbox 1293 3302 1696 3364; x_wconf 90' lang='lat' dir='ltr'><strong>BVSCHIVS,</strong></span> <span class='ocrx_word' id='word_1_326' title='bbox 1710 3302 2199 3355; x_wconf 90' lang='lat' dir='ltr'><strong>THEODORVS</strong></span> <span class='ocrx_word' id='word_1_327' title='bbox 2215 3302 2504 3355; x_wconf 89' lang='lat' dir='ltr'>GRAMI-</span> 
     </span>
     <span class='ocr_line' id='line_1_40' title="bbox 211 3373 2505 3439; baseline 0 -14"><span class='ocrx_word' id='word_1_328' title='bbox 211 3389 258 3425; x_wconf 79' lang='lat'><strong>40</strong></span> <span class='ocrx_word' id='word_1_329' title='bbox 307 3373 556 3435; x_wconf 91' lang='lat' dir='ltr'><strong>NAEVS‚</strong></span> <span class='ocrx_word' id='word_1_330' title='bbox 579 3373 896 3426; x_wconf 89' lang='lat' dir='ltr'><strong>discutiam.</strong></span> <span class='ocrx_word' id='word_1_331' title='bbox 919 3373 1150 3437; x_wconf 91' lang='lat' dir='ltr'><strong>Quibus</strong></span> <span class='ocrx_word' id='word_1_332' title='bbox 1169 3373 1538 3439; x_wconf 89' lang='lat' dir='ltr'><strong>postmodum</strong></span> <span class='ocrx_word' id='word_1_333' title='bbox 1558 3374 1774 3426; x_wconf 92' lang='lat' dir='ltr'><strong>addam</strong></span> <span class='ocrx_word' id='word_1_334' title='bbox 1794 3380 1990 3425; x_wconf 92' lang='lat' dir='ltr'><strong>ternos</strong></span> <span class='ocrx_word' id='word_1_335' title='bbox 2004 3373 2505 3439; x_wconf 90' lang='lat' dir='ltr'><strong>Prognosticorum</strong></span> 
     </span>
     <span class='ocr_line' id='line_1_41' title="bbox 448 3455 2505 3497; baseline 0.003 -7"><span class='ocrx_word' id='word_1_336' title='bbox 448 3455 495 3491; x_wconf 88' lang='lat'><strong>28</strong></span> <span class='ocrx_word' id='word_1_337' title='bbox 2165 3460 2505 3497; x_wconf 91' lang='lat' dir='ltr'><strong>annuorum</strong></span> 
     </span>
    </p>
   </div>
   <div class='ocr_carea' id='block_1_4' title="bbox 293 1065 724 1509">
    <p class='ocr_par' dir='ltr' id='par_1_5' title="bbox 293 1065 724 1509">
     <span class='ocr_line' id='line_1_42' title="bbox 293 1065 724 1509; baseline 0 2755"><span class='ocrx_word' id='word_1_338' title='bbox 293 1065 724 1509; x_wconf 95' lang='lat' dir='ltr'><strong> </strong></span> 
     </span>
    </p>
   </div>
  </div>
 </body>
</html>
