2976 4264
648 318 1529 373 PROGYMNASMATUM
1555 318 1870 371 TERTIA
1896 318 2099 371 PARS
2374 317 2479 370 277

274 476 409 515 eam
423 477 461 514 a
472 461 657 514 Terra
676 461 937 523 distitisse;
959 466 1104 527 quin
1119 462 1172 515 &
1185 462 1282 515 hic
1295 468 1530 515 veretur
1548 477 1624 514 ne
1644 465 1708 514 in
1727 462 1972 514 dimidio
1992 461 2209 513 miliari
2227 460 2480 520 fallatur,

274 549 411 586 cum
421 548 458 586 a
468 533 668 598 spatio,
685 534 845 598 quod
857 533 932 586 est
942 549 979 586 a
990 534 1178 596 Luna,
1190 534 1286 587 vel
1297 537 1475 587 etiam
1486 534 1800 586 duodecim
1812 532 2271 586 Semidiametris
2282 532 2482 584 Terrae

273 604 427 658 infra
451 603 624 666 hanc,
651 605 829 670 vsque
850 607 914 657 in
934 603 1226 658 octauam
1247 605 1558 671 Sphaeram
1578 604 1893 657 deflexerit.
1921 605 2115 656 Facile
2138 611 2339 656 autem
2359 610 2483 656 erat

271 675 428 729 hanc
454 676 800 738 distantiam,
826 682 888 728 vt
906 683 967 728 vt
991 676 1166 741 supra
1189 677 1439 729 modum
1459 692 1788 737 erroneam,
1816 692 1889 728 ex
1908 676 2203 728 Parallaxi
2228 675 2480 740 praesup-

201 764 224 799 5
271 747 456 813 pofita
484 747 771 813 colligere.
803 747 962 800 Cum
991 751 1152 800 enim
1179 750 1244 800 in
1270 751 1540 813 proxime
1570 748 1950 800 antecedente
1979 747 2327 812 figuratione
2356 746 2480 798 Tri-

194 823 223 867 ·1·
271 819 475 885 anguli
494 819 684 879 BCA‚
705 834 915 871 omnes
933 825 1049 871 tres
1070 819 1326 872 constent
1339 818 1582 884 Anguli;
1604 835 1747 871 nam
1760 819 1872 870 AB
1884 819 1950 880 C,
1973 819 2048 870 est
2066 818 2481 883 Complemen-

270 897 399 943 tum
417 890 740 943 altitudinis
759 889 898 942 visae
918 890 995 942 ad
1015 890 1484 943 Semicirculum:
1507 891 1553 942 B
1565 890 1696 951 CA,
1716 890 1839 954 ipsa
1857 890 2181 942 Parallaxis
2202 891 2482 954 assumpta

271 962 330 1014 P.
351 962 402 1014 Ο.
426 959 462 1028 Ι.
482 962 574 1014 39:
604 964 807 1013 tertius
834 961 1018 1023 BAC,
1051 962 1127 1014 est
1154 962 1373 1014 horum
1398 962 1656 1014 duorum
1682 961 2201 1026 Complementum
2230 961 2305 1013 ad
2332 962 2482 1013 duos

271 1031 474 1086 rectos,
501 1033 680 1098 Igitur
699 1048 956 1098 quorum
976 1033 1089 1085 BA
1109 1033 1557 1086 Semidiameter
1574 1033 1791 1094 Terrae‚
1820 1033 1895 1085 est
1919 1049 2056 1097 pars
2075 1049 2211 1093 vna,
2239 1032 2371 1093 CA,
2399 1033 2480 1084 di-

180 1121 223 1156 ιο
270 1105 477 1158 stantia
486 1120 524 1157 a
535 1103 756 1157 Centro
767 1103 967 1157 Terrae
979 1107 1042 1157 in
1051 1106 1311 1167 totidem,
1324 1105 1591 1171 cognosci
1600 1107 1832 1170 poterit:
1848 1105 1943 1156 vel
1955 1103 2345 1157 distribuendo
2356 1104 2480 1164 AB,

271 1179 335 1228 in
359 1175 631 1238 miliaria,
658 1175 1108 1229 Semidiametro
1133 1176 1334 1229 Terrae
1360 1192 1398 1229 a
1425 1175 1797 1242 Geographis
1823 1175 2119 1236 destinata,
2148 1178 2211 1227 in
2240 1178 2310 1240 ijs
2337 1191 2480 1240 quo-

273 1263 388 1313 que
408 1247 520 1300 AC
539 1250 865 1313 proueniet.
887 1246 1064 1301 Facta
1083 1255 1284 1301 autem
1302 1248 1731 1314 supputatione,
1752 1247 2058 1300 discrimen
2078 1263 2115 1299 a
2135 1246 2480 1306 Nolthiana,

274 1319 434 1384 quod
454 1319 706 1372 alicuius
726 1320 853 1371 esset
872 1322 1176 1381 momenti,
1202 1336 1327 1372 non
1346 1323 1569 1372 inueni.
1597 1320 1800 1384 Quare
1822 1319 1953 1371 1180
1972 1325 2275 1384 praetereo,
2302 1334 2407 1383 per
2424 1318 2480 1370 se

275 1391 350 1444 ob
370 1393 683 1443 minimam
702 1391 1120 1453 deuiationem‚
1140 1391 1478 1444 vlteriorem
1498 1391 2022 1444 considerationem
2038 1406 2162 1442 non
2177 1393 2480 1442 merentia.

183 1479 226 1515 15
351 1461 567 1529 Capite
577 1460 859 1530 septimo,
886 1463 1357 1528 magnitudinem
1380 1470 1765 1528 apparentem
1790 1462 1970 1515 huius
1990 1462 2202 1523 Stellae,
2230 1461 2403 1513 refert
2428 1461 2484 1514 se

273 1549 378 1598 per
398 1534 651 1586 Radium
671 1533 1014 1586 demensum
1035 1535 1156 1596 esse,
1184 1535 1401 1587 Minut.
1424 1535 1503 1587 10:
1532 1534 1711 1598 Quod
1730 1534 1868 1587 sane
1890 1534 2230 1586 nullatenus
2256 1531 2407 1585 recle
2427 1533 2483 1585 se

273 1604 496 1658 habuit.
517 1605 632 1657 Vix
658 1608 819 1658 enim
845 1612 1135 1670 quaterna
1159 1609 1391 1659 minuta
1416 1605 1547 1659 1180
1567 1606 1747 1659 Stella
1765 1609 1829 1658 in
1847 1606 1951 1658 sua
1969 1605 2175 1657 vifibili
2198 1605 2483 1657 diametro

273 1677 644 1741 adaequabat.
674 1677 898 1729 nedum
922 1683 983 1729 vt
1010 1677 1370 1743 sesquitriplo
1396 1681 1588 1731 maior
1613 1677 1735 1730 visa
1758 1677 1844 1730 fit:
1875 1677 1980 1729 nifi
2008 1677 2156 1729 forte
2185 1677 2382 1728 radios
2411 1676 2483 1728 de

274 1764 518 1812 corpore
542 1748 926 1813 vndiquaque
957 1752 1276 1802 emicantes
1300 1752 1421 1802 vna
1444 1753 1719 1814 vtrinque
1748 1748 2118 1801 mensurarit:
2149 1747 2310 1812 quod
2340 1763 2483 1812 quo-

178 1836 224 1872 20
272 1819 453 1872 modo
473 1826 744 1873 accurate
764 1819 894 1872 fieri
911 1822 1101 1886 posset,
1122 1837 1247 1873 non
1266 1821 1463 1873 video:
1490 1821 1774 1886 fiquidem
1795 1836 2003 1872 eorum
2024 1822 2359 1871 extremitas
2380 1819 2483 1871 dis-

274 1894 434 1943 cerni
459 1894 766 1957 nequierit.
794 1892 1009 1957 Neque
1035 1893 1181 1958 radij
1211 1892 1296 1944 illi
1322 1893 1394 1945 de
1419 1892 1730 1945 substantia
1754 1892 1930 1957 ipsius
1957 1898 2123 1943 erant
2149 1890 2361 1951 Stellae,
2388 1890 2484 1942 sed

271 1962 475 2015 saltem
502 1978 607 2028 per
634 1963 877 2015 luminis
902 1964 1310 2026 vibrationem‚
1341 1964 1849 2029 quemadmodum
1876 1963 1928 2015 &
1953 1966 2017 2014 in
2043 1965 2266 2014 caeteris
2292 1961 2484 2014 Stellis

273 2034 676 2087 illustrioribus
701 2035 805 2087 vsu
830 2038 1006 2097 venit,
1036 2035 1208 2088 nobis
1234 2035 1754 2100 conspiciebantur.
1782 2036 1910 2087 Nec
1935 2034 2195 2087 absimile
2220 2049 2363 2085 vero
2391 2033 2481 2094 est,

154 2114 245 2158 764
273 2105 605 2168 Nolthium,
631 2106 830 2159 radios
854 2106 982 2169 hos,
1011 2107 1552 2172 quomodocunque
1573 2103 1594 2176 ΙΙ
1615 2113 1901 2172 30οε11105,
1927 2122 2035 2171 pro
2059 2105 2181 2170 ipsa
2201 2105 2483 2170 Corporis

178 2194 223 2229 25
271 2177 582 2230 substantia
612 2179 914 2243 reputasse:
949 2194 1022 2231 ex
1054 2195 1174 2243 quo
1207 2182 1397 2231 crines
1425 2179 1562 2231 inde
1591 2179 1784 2231 facere
1813 2177 2066 2231 adinstar
2096 2177 2484 2230 Cometarum

272 2249 681 2311 rotundorum,
702 2265 827 2301 non
847 2250 1138 2303 dubitarit.

343 2320 458 2373 Sed
470 2336 766 2385 ponamus
778 2321 1154 2374 Diametrum
1166 2322 1448 2374 vifibilem
1460 2321 1672 2383 Stellae,
1689 2337 1871 2386 quam
1886 2323 2155 2373 crinitam
2168 2319 2373 2371 frustra
2382 2335 2482 2371 vo-

273 2398 379 2453 cat,
400 2391 558 2444 fuisse
578 2392 636 2444 10
655 2392 748 2444 M:
776 2392 829 2444 &
851 2391 1107 2446 habuisse
1128 2393 1457 2455 distantiam
1476 2409 1514 2446 a
1532 2393 1716 2445 Terra
1734 2393 2057 2444 miliarium
2078 2391 2287 2457 17059323
2308 2397 2483 2455 prout

273 2463 639 2516 antecedenti
666 2463 875 2529 Capite
902 2464 1153 2530 collegit:
1182 2465 1558 2517 Diametrum
1585 2468 1712 2516 eius
1737 2479 1942 2515 veram
1967 2478 2092 2514 non
2116 2468 2317 2513 tamen
2341 2461 2480 2513 hinc

178 2550 225 2586 3ο
273 2534 406 2586 satis
425 2535 662 2599 praecise
682 2535 958 2587 conclusit
976 2535 1300 2588 miliarium
1315 2536 1402 2588 46.
1419 2536 1471 2588 81
1485 2536 1571 2587 Μ.
1587 2536 1702 2596 491,
1725 2550 1861 2586 cum
1876 2550 1947 2586 ea
1959 2536 2154 2598 potius
2167 2535 2480 2597 proueniat

272 2605 598 2658 miliarium
622 2606 738 2667 491,
769 2606 930 2671 (111οᾱ
955 2606 1125 2659 facile
1151 2607 1370 2671 patebit
1393 2606 1840 2671 multiplicando
1866 2605 2055 2656 finum
2082 2605 2139 2656 10
2162 2604 2247 2656 M.
2276 2606 2379 2668 qui
2405 2604 2480 2656 est

272 2676 465 2737 29088,
494 2679 558 2728 in
585 2677 842 2729 miliaria
870 2679 1166 2742 assumpta,
1198 2678 1250 2729 81
1279 2678 1599 2730 diuidendo
1628 2693 1733 2742 per
1760 2676 1950 2728 finum
1978 2682 2189 2727 totum:
2223 2674 2479 2727 Exibunt

274 2750 435 2800 enim
452 2748 568 2808 4922,
590 2754 692 2800 aut
712 2748 833 2800 alia
851 2751 1080 2800 ratione
1099 2749 1259 2800 idem
1277 2749 1351 2800 fic
1370 2747 1703 2801 factitando.
1726 2748 2031 2811 Quoniam
2048 2746 2345 2811 duplicata
2358 2747 2477 2799 dia-

272 2826 458 2871 meter
483 2818 707 2871 Circuli
731 2819 1014 2872 distantiae
1035 2820 1302 2872 Cometae
1330 2819 1404 2872 est
1430 2820 1598 2872 34119.
1627 2819 1863 2883 (Omnis
1889 2825 2090 2871 autem
2115 2818 2398 2870 diameter
2422 2818 2478 2870 se

177 2906 224 2942 35
272 2889 490 2942 habeat
508 2889 584 2942 ad
605 2890 1137 2943 circumferentiam
1155 2891 1295 2943 ficut
1314 2892 1347 2944 7
1361 2891 1437 2943 ad
1454 2891 1523 2942 22
1543 2907 1726 2955 quam
1744 2889 2035 2956 proxime)
2057 2892 2163 2942 erit
2182 2892 2354 2954 igitur
2374 2892 2477 2941 cir-

274 2961 658 3014 cumferentia
684 2961 942 3013 eiusdem
963 2962 1187 3015 Circuli
1212 2962 1445 3023 107231÷,
1473 2978 1609 3027 quae
1629 2962 1670 3014 fi
1689 2962 1795 3015 360
1816 2962 1998 3015 Grad.
2025 2960 2244 3013 habere
2270 2961 2477 3012 intelli-

272 3039 456 3098 gatur,
486 3033 794 3097 occupabit
819 3040 971 3085 certe
996 3033 1155 3085 sexta
1178 3036 1353 3085 vnius
1380 3033 1620 3086 Gradus
1644 3049 1796 3098 pam,
1828 3048 2010 3098 quam
2034 3048 2141 3097 pro
2168 3032 2477 3083 Diametro

272 3103 478 3156 visibili
496 3103 686 3156 statuit
704 3104 960 3157 miliaria
978 3105 1099 3159 493:
1120 3104 1312 3169 sicque
1331 3111 1499 3157 terna
1516 3105 1950 3170 propemodum
1963 3107 2027 3155 in
2039 3103 2214 3168 ipfius
2229 3102 2477 3155 Calculo

274 3174 768 3228 defiderabuntur.
790 3175 904 3228 Sed
922 3175 1200 3240 quorsum
1213 3175 1343 3228 haec
1357 3183 1479 3229 tam
1492 3176 1770 3228 subtiliter
1785 3173 2097 3228 examino?
2119 3190 2255 3226 cum
2268 3174 2342 3226 ab
2357 3174 2478 3239 ipsa

179 3262 226 3298 4ο
273 3246 530 3299 Veritate
555 3262 681 3298 non
704 3246 1032 3299 miliaribus
1057 3247 1259 3299 saltem
1288 3247 1529 3312 aliquot,
1559 3247 1655 3300 sed
1683 3247 1987 3299 nonnullis
2014 3261 2252 3311 quoque
2277 3245 2477 3297 Terrae

274 3319 510 3383 integris
524 3318 844 3370 Diametris
858 3317 964 3369 fint
977 3318 1338 3371 alienissima:
1360 3319 1866 3383 quemadmodum
1881 3334 1953 3370 ex
1966 3321 2053 3384 ijs,
2070 3332 2205 3382 quae
2221 3317 2429 3381 Capite
2443 3317 2476 3368 7

274 3388 820 3450 demonstrauimuS,
850 3389 1075 3454 liquido
1105 3389 1337 3442 constat.
1368 3390 1491 3442 Illic
1520 3393 1680 3442 enim
1710 3406 1783 3442 ex
1808 3391 2088 3454 assumpta
2114 3387 2308 3441 Stellae
2335 3388 2476 3510 Dtia-

2289 3474 2385 3510 me
2409 3474 2476 3510 ro
