2976 4264
664 310 1546 365 PROGYMNASMATUM
1573 310 1888 363 TERTIA
1915 311 2119 364 PARS
2406 313 2497 364 103

171 460 258 506 588
290 454 398 507 DE
427 453 600 507 SITV
629 453 818 515 EIVS,
850 453 1017 517 QVO
1047 453 1164 506 AD
1194 454 1471 506 MVNDI
1500 453 2013 515 DIAMETRVM,
2047 453 2146 506 ET
2175 453 2498 507 DISTAN-

219 755 242 790 5

196 1051 239 1086 10

196 1349 238 1384 15

190 1943 236 1979 25

187 2538 234 2574 35

184 3132 231 3167 45

763 536 900 589 ΤΙΑ
925 537 982 589 Α
1007 536 1266 590 TERRA
1293 537 1615 590 CENTRO
1642 537 2024 590 VNIVERSI.

360 630 603 673 Arduum
628 629 717 681 est,
746 628 1020 684 subtilique
1044 629 1239 685 indiget
1264 629 1486 685 ingenio,
1518 629 1800 673 Stellarum
1821 642 1853 673 a
1873 630 2026 673 nobis
2051 629 2303 685 indagare
2328 642 2499 674 remo-

288 689 506 741 tionem,
527 691 744 744 propter
756 688 1120 732 incredibilem
1134 701 1322 732 earum
1337 701 1369 732 a
1382 689 1544 732 Terra
1558 689 1879 733 distantiam:
1902 701 2000 733 nec
2015 691 2122 732 ulla
2135 690 2340 734 ratione
2354 702 2499 734 com-

292 748 503 793 modius
523 749 565 792 &
585 748 778 792 certius
803 748 857 791 id
882 748 1122 803 praestari
1146 749 1330 804 potest,
1357 761 1522 803 quam
1547 760 1642 803 per
1665 749 2017 800 Parallaxeos‚
2047 749 2082 792 fi
2109 761 2274 803 quam
2299 749 2498 794 habent

290 807 754 852 mensurationem.
776 807 830 850 Si
849 807 991 851 enim
1011 808 1171 852 Stella
1191 808 1368 863 aliqua
1384 807 1662 851 Horizonti
1680 808 1872 861 uicina,
1894 808 1998 851 alio
2018 808 2071 851 in
2090 809 2211 852 loco
2233 813 2495 861 cernatur,

290 869 454 922 quam
472 867 565 910 ubi
583 866 824 911 altissima
842 867 1030 911 uertici
1048 868 1454 923 appropinquat.
1482 867 1828 911 necessarium
1848 868 1936 919 est,
1958 879 2082 911 eam
2100 868 2319 923 reperiri
2338 868 2390 911 in
2411 869 2498 912 ali·

289 938 395 981 quo
410 926 570 978 Orbe,
590 925 827 982 respectu
845 926 1009 979 cuius,
1030 927 1192 970 Terra
1208 926 1495 970 sensibilem
1509 927 1708 970 habeat
1720 926 2152 982 magnitudinem.
2176 927 2352 979 Quam
2366 940 2495 972 uero

287 987 442 1042 longe
466 989 811 1030 remoueatur
836 984 1005 1030 dictus
1030 986 1202 1038 Orbis,
1232 987 1569 1030 Parallaxeos
1595 986 1861 1040 quantitas
1888 986 2294 1030 semidiametro
2319 987 2496 1031 Terrae

288 1046 500 1098 collata,
520 1045 891 1089 manifestabit.
914 1045 1002 1089 Sin
1021 1057 1152 1089 uero
1173 1045 1333 1089 Stella
1351 1048 1464 1088 tam
1484 1045 1631 1088 iuxta
1649 1045 2015 1097 Horizontem,
2039 1058 2202 1100 quam
2221 1046 2495 1099 uerticem,

286 1105 340 1148 in
359 1105 552 1149 eodem
571 1104 730 1160 primi
749 1104 959 1149 mobilis
978 1104 1173 1160 pund-’to
1196 1104 1467 1160 specstetur,
1489 1116 1598 1148 non
1619 1105 1840 1148 dubium
1855 1105 1943 1157 est,
1965 1117 2103 1158 eam,
2124 1107 2210 1148 uel
2223 1106 2276 1148 in
2292 1104 2496 1149 Ocstaua

287 1164 526 1220 Sphaera,
546 1165 633 1208 uel
651 1175 760 1208 non
778 1165 932 1219 longe
950 1164 1104 1216 infra,
1124 1164 1178 1207 in
1198 1165 1357 1217 Orbe,
1385 1164 1535 1208 cuius
1555 1163 1791 1219 respectu
1810 1167 1923 1208 tota
1942 1165 2104 1208 Terra
2123 1164 2302 1219 pund’ci
2319 1165 2496 1209 uicem

286 1227 450 1279 gerat,
471 1225 654 1268 locum
674 1223 927 1267 obtinere.

357 1283 427 1326 Vt
454 1283 607 1339 igitur
637 1282 790 1326 nobis
820 1294 885 1326 ea
913 1283 1119 1326 ratione
1150 1282 1513 1335 innotesceret,
1546 1285 1726 1326 utrum
1758 1283 1878 1326 haec
1908 1283 2068 1326 Stella
2095 1283 2149 1326 in
2177 1285 2495 1327 Elementari

287 1342 528 1398 Regione,
562 1354 632 1385 an
658 1343 790 1386 uero
821 1342 957 1385 inter
985 1342 1230 1386 Coelestes
1260 1342 1430 1386 Orbes
1459 1342 1714 1394 existeret,
1750 1343 2070 1397 qualemque
2099 1343 2166 1386 ab
2195 1343 2305 1398 ipsa
2332 1344 2494 1387 Terra

287 1402 510 1446 haberet
528 1401 844 1453 distantiam,
865 1401 1251 1456 indagauimus,
1273 1414 1402 1444 num
1421 1403 1603 1454 ullam,
1619 1402 1660 1444 81
1675 1405 1933 1456 quantam
1946 1402 2168 1445 haberet
2180 1403 2491 1455 Parallaxin,

285 1462 445 1516 idque
463 1461 568 1505 hoc
590 1461 770 1504 modo.
793 1461 1137 1504 Interuallum
1156 1461 1311 1504 huius
1331 1462 1373 1504 ἃ
1393 1461 1614 1505 Schedir
1628 1461 1910 1516 Cassiopeae
1929 1460 2013 1517 (eo
2034 1462 2178 1516 quod
2196 1462 2316 1505 haec
2334 1462 2493 1506 Stella

287 1521 398 1565 fere
424 1532 550 1564 cum
576 1521 748 1573 Noua,
779 1520 1136 1564 Meridianum
1160 1533 1268 1563 una
1294 1519 1549 1578 obtineat)
1574 1520 1852 1563 obseruaui
1881 1532 2006 1564 cum
2034 1521 2219 1564 uertici
2247 1522 2493 1576 proxima

286 1581 423 1633 esset,
437 1583 646 1624 tantum
660 1580 908 1636 gradibus
924 1580 1011 1624 sex
1025 1580 1092 1623 ab
1107 1580 1218 1635 ipso
1232 1580 1416 1624 Zenith
1429 1583 1639 1623 remota
1651 1579 1896 1637 (ideoque
1909 1581 2127 1631 nullam,
2144 1581 2305 1624 etiarn
2315 1581 2492 1625 Terrae

285 1640 584 1696 propinqua
612 1639 665 1682 in
693 1651 759 1684 eo
788 1640 910 1683 loco
938 1639 1213 1683 induceret
1238 1640 1549 1691 Parallaxin,
1585 1639 1672 1683 sed
1699 1640 1849 1683 locus
1879 1639 1990 1683 eius
2017 1639 2156 1683 uisus
2185 1641 2226 1683 81
2254 1652 2413 1684 uerus
2441 1641 2494 1684 in

284 1712 452 1743 unum
471 1697 742 1755 punctum,
763 1702 982 1754 propter
1000 1699 1111 1743 fere
1130 1699 1489 1743 coincidentes
1510 1711 1542 1742 a
1560 1699 1738 1742 Terrae
1759 1702 1942 1742 centro
1963 1699 2004 1741 ἃ
2025 1699 2297 1754 superficie
2310 1699 2492 1753 lineas,

284 1759 494 1816 unitur).
525 1759 676 1802 Idem
702 1758 918 1814 praestiti
947 1761 1072 1802 cum
1101 1758 1386 1814 longissime
1413 1771 1446 1801 a
1470 1758 1654 1801 Zenith
1683 1761 1908 1810 remota,
1940 1758 2219 1802 Horizonti
2246 1759 2493 1814 proxima

285 1819 428 1863 esset:
455 1819 498 1862 ἃ
522 1818 805 1873 utrobique
831 1819 1058 1862 eandem
1083 1818 1302 1873 praecise
1323 1830 1355 1861 a
1376 1817 1514 1861 dicta
1535 1817 1660 1861 Fixa
1684 1818 1861 1861 inueni
1887 1818 2203 1870 distantiam,
2231 1819 2374 1862 nullo
2402 1819 2493 1862 mi-

285 1881 414 1922 nuto
433 1878 716 1929 uariatam,
739 1877 973 1933 partium
991 1877 1239 1922 uidelicet
1258 1878 1301 1930 7,
1324 1878 1365 1920 ἃ
1384 1879 1442 1920 55
1463 1877 1589 1920 min.
1618 1877 1872 1931 Idemque
1892 1889 1986 1932 per
2006 1878 2137 1921 alias
2158 1878 2344 1921 Stellas
2365 1879 2494 1921 mul-

284 1937 447 1993 tiplici
470 1936 614 1981 facsta
640 1937 1022 1981 Obseruatione
1048 1940 1296 1992 expertus
1323 1937 1458 1980 sum:
1488 1937 1630 1980 unde
1654 1937 1795 1980 hanc
1824 1937 2037 1980 Nouam
2065 1938 2267 1980 nullam
2293 1937 2492 1981 habere

285 1995 524 2052 arpeecus
543 1997 915 2049 diuerfitatem,
937 1997 1100 2040 etiam
1121 1996 1400 2041 Horizonti
1418 1996 1668 2048 uicinam,
1696 1997 1975 2040 concludo
2003 1996 2146 2039 Alias
2167 1996 2308 2040 enim
2327 1997 2382 2039 in
2402 1997 2494 2039 mi-

283 2057 430 2100 nima
456 2056 547 2100 sua
571 2056 856 2100 Altitudine
880 2056 1085 2112 longius
1110 2059 1320 2100 remota
1347 2056 1515 2100 fuisset
1541 2068 1573 2099 a
1598 2055 1990 2111 praenominata
2015 2055 2176 2099 Stella
2200 2055 2254 2098 in
2279 2055 2492 2111 pectore

283 2116 585 2171 Cassiopeae,
614 2128 779 2171 quam
803 2116 1058 2159 maxima.
1087 2116 1424 2171 Quapropter
1449 2127 1557 2159 non
1582 2115 1635 2158 in
1654 2115 1973 2158 Elementari
1993 2115 2217 2170 Regione
2236 2115 2374 2158 infra
2394 2116 2493 2158 Lu-

282 2188 427 2228 nam,
455 2176 543 2219 sed
561 2176 716 2231 longe
737 2175 907 2230 supra,
927 2176 981 2218 in
1001 2175 1160 2228 Orbe,
1190 2175 1339 2219 cuius
1359 2174 1610 2230 respectu,
1638 2175 1800 2218 Terra
1822 2175 2110 2218 sensibilem
2129 2186 2237 2218 non
2258 2175 2492 2218 obtineat

283 2234 717 2291 magnitudinem,
745 2235 999 2279 collocari
1025 2235 1165 2278 hanc
1186 2235 1404 2278 Stellam
1429 2234 1774 2278 necessarium
1800 2234 1912 2278 erit.
1942 2234 1993 2277 Si
2013 2234 2154 2278 enim
2173 2234 2227 2277 in
2248 2234 2491 2289 suprema

281 2294 432 2339 Aeris
458 2294 699 2350 Regione,
726 2294 861 2338 infra
889 2306 1191 2339 concauam
1217 2294 1456 2349 Sphaerae
1478 2294 1703 2337 Lunaris
1729 2294 2010 2349 Regionem
2037 2294 2173 2346 esset,
2203 2294 2491 2337 sensibilem

282 2353 556 2398 induxisset
573 2354 628 2397 in
647 2353 855 2398 Circulo
873 2354 1173 2397 Altitudinis
1192 2354 1564 2406 uariationem,
1593 2353 1873 2397 Horizonti
1891 2353 2153 2408 proxima,
2182 2353 2249 2396 ab
2277 2365 2341 2397 eo
2368 2354 2489 2397 loco

282 2425 445 2469 quem
473 2413 746 2457 obtinebat
773 2413 958 2458 uertici
985 2413 1176 2457 uicina.
1210 2413 1551 2457 Describatur
1578 2413 1721 2457 enim
1750 2412 1987 2456 certioris
2017 2412 2490 2456 Demonstrationis

282 2473 458 2526 causa,
480 2473 733 2526 Circulus,
755 2473 1127 2526 Meridianum,
1147 2473 1481 2528 praecipuum
1494 2473 1805 2516 uerticalem
1818 2471 2000 2515 extimi
2015 2471 2159 2523 Coeli,
2180 2471 2235 2514 in
2248 2483 2353 2525 quo
2368 2473 2489 2515 loca

283 2532 524 2576 omnium
550 2532 832 2576 Stellarum
864 2533 1277 2584 confiderantur,
1310 2532 1710 2587 repraesentans,
1745 2531 1834 2586 qui
1865 2532 1924 2574 fit
1955 2531 2157 2583 CBDE,
2192 2531 2340 2574 cuius
2372 2543 2490 2574 cen-

280 2595 424 2635 trum
448 2593 515 2635 A:
547 2592 822 2636 Diameter
845 2604 976 2636 uero
1002 2592 1088 2635 BE
1112 2591 1385 2643 uerticem,
1417 2592 1510 2634 CD
1540 2591 1890 2635 Horizontem
1916 2591 2163 2645 designet:
2195 2591 2254 2632 fit
2281 2590 2489 2645 insuper

281 2652 474 2695 eodem
495 2654 679 2695 centro
702 2651 992 2706 descriptus
1012 2651 1248 2695 Circulus
1269 2651 1450 2702 MKL,
1479 2650 1568 2705 qui
1585 2649 1800 2693 Terreni
1819 2649 1975 2693 Orbis
2002 2649 2488 2693 circumferentiam

281 2711 511 2755 denotet.
533 2711 675 2754 Inter
692 2711 808 2763 hos,
831 2710 964 2754 alius
984 2711 1209 2765 signetur
1225 2709 1460 2753 Circulus
1482 2709 1677 2761 GHFI,
1700 2709 1788 2763 qui
1807 2709 2052 2752 infimum
2066 2709 2305 2763 Sphaerae
2320 2709 2487 2752 Lunae

281 2770 322 2812 ἃ
335 2769 514 2814 Terrae
532 2769 839 2825 proximum
852 2770 1193 2824 repraesentet
1207 2768 1484 2820 ambitum,
1505 2768 1559 2811 in
1580 2780 1685 2823 quo
1700 2769 1917 2811 Stellam
1937 2768 2076 2811 hanc
2098 2767 2316 2811 existere
2329 2768 2489 2822 finga-

282 2841 423 2873 mus:
446 2829 610 2883 fitque
628 2828 861 2884 primum
880 2828 935 2871 in
953 2828 1193 2871 maxima
1213 2828 1303 2871 sua
1322 2827 1606 2871 Altitudine
1626 2827 1773 2870 iuxta
1792 2826 2045 2882 punctum
2062 2827 2127 2870 G:
2151 2827 2487 2870 Manifestum

280 2889 355 2932 est
374 2889 518 2943 quod
538 2891 721 2932 careat
740 2887 888 2932 omni
907 2887 1205 2931 diuersitate
1226 2885 1478 2942 aspectus.
1499 2887 1691 2931 Ambae
1711 2887 1854 2931 enim
1873 2887 2027 2930 lineae
2045 2899 2075 2929 a
2095 2890 2278 2930 centro
2292 2886 2485 2939 Terrae,

280 2948 322 2990 ἃ
342 2948 500 2991 oculo
519 2947 573 2990 in
592 2947 704 2990 eius
725 2947 998 3002 superficie
1018 2947 1298 2991 constituto
1318 2945 1539 2998 educstae,
1566 2946 1619 2989 in
1642 2959 1808 2989 unum
1835 2947 2170 3000 eundemque
2195 2945 2349 3000 primi
2377 2957 2488 2990 mo-

280 3007 396 3051 bilis
410 3006 616 3059 Circuli,
635 3006 880 3050 uidelicet
894 3006 1034 3049 CBD
1044 3007 1081 3048 E
1101 3006 1295 3050 cadent
1313 3006 1509 3058 locum,
1530 3005 1584 3048 in
1603 3004 1858 3060 punctum
1871 3005 2116 3049 videlicet
2129 3006 2182 3057 B,
2204 3006 2289 3048 uel
2304 3016 2485 3060 prope,

280 3067 316 3109 fi
331 3066 491 3110 Stella
510 3077 619 3109 non
638 3066 698 3109 fit
715 3065 934 3121 praecise
953 3065 1007 3108 in
1027 3065 1087 3109 G.
1111 3065 1246 3109 Haec
1266 3064 1408 3108 enim
1427 3065 1455 3108 6
1475 3065 1725 3120 gradibus
1745 3077 1778 3108 a
1797 3065 1997 3109 uertice
2015 3067 2339 3117 remouetur,
2361 3075 2486 3108 cum

280 3125 434 3169 nobis
454 3125 692 3169 altissima
712 3126 786 3178 fit,
808 3125 897 3180 qui
915 3127 1100 3168 tamen
1118 3125 1321 3167 nullam
1341 3124 1631 3168 sensibilem
1649 3124 1906 3168 inducunt
1923 3123 2278 3168 uariationem
2293 3124 2360 3167 ab
2375 3124 2486 3178 ipso

278 3185 494 3229 uertice.
517 3184 870 3228 Constituatur
888 3196 1019 3228 uero
1038 3184 1159 3228 haec
1180 3184 1340 3227 Stella
1359 3183 1411 3226 in
1431 3184 1623 3228 eodem
1638 3183 1844 3228 Circulo
1867 3183 2060 3236 GHFI,
2081 3183 2135 3226 in
2154 3183 2375 3226 minima
2396 3183 2486 3226 sua

278 3244 580 3296 Altitudine‚
606 3244 766 3299 idque
790 3244 844 3287 in
868 3242 1063 3299 puncto
1084 3243 1147 3296 O,
1174 3242 1518 3287 necessarium
1538 3243 1636 3286 erit
1655 3255 1778 3287 eam
1797 3243 1851 3286 in
1870 3243 1974 3287 alio
1998 3244 2119 3287 loco
2140 3243 2364 3286 extremi
2384 3242 2486 3285 Cir-

279 3303 384 3347 culi
401 3303 585 3355 uideri,
607 3304 643 3346 fi
664 3304 851 3347 oculus
871 3302 1216 3347 constituatur
1234 3302 1288 3345 in
1309 3302 1355 3344 K
1376 3302 1649 3357 superficie
1667 3302 1861 3355 Terrae,
1884 3315 2048 3357 quam
2068 3303 2104 3345 fi
2124 3302 2177 3345 in
2190 3303 2235 3345 A
2251 3302 2484 3345 eiusdem

279 3365 479 3407 centro.
508 3361 690 3406 Ducstis
715 3362 857 3406 enim
883 3362 1030 3406 lineis
1051 3375 1083 3406 a
1104 3362 1150 3405 K
1178 3361 1465 3417 superficie,
1493 3363 1534 3406 81
1561 3375 1593 3406 a
1619 3365 1802 3406 centro
1822 3362 1883 3414 A,
1911 3374 2005 3417 per
2025 3361 2069 3405 O
2090 3363 2271 3405 locum
2291 3361 2482 3412 Stellae,

2423 3448 2485 3497 in
