2976 4264
173 2990 220 3026 35

174 3344 221 3379 40

508 291 1034 346 STELLARUM
1061 290 1691 344 INERRANTIUM
1718 291 2235 346 RESTITUTIO
2374 294 2479 346 363

2400 471 2445 572 Ξ

1759 526 1918 586 s.lG.l
1949 542 2006 577 M.
2119 527 2192 587 (3.1
2223 528 2310 586 Μ.Ι

718 629 997 665 INFORMES
1018 629 1310 665 STELLULAE
1329 628 1493 665 CIRCA
1514 629 1677 665 HUNC

1013 688 1385 725 ASTERISMUM.

686 760 861 802 Prima
886 770 994 802 ear.
1018 770 1139 813 quae
1165 758 1218 801 in
1243 770 1350 802 rec.
1373 758 1422 802 li.
1445 770 1571 803 cum
1597 760 1716 804 luci.

745 832 833 873 lat.
855 831 991 874 Pers.
1014 833 1066 873 et
1085 829 1207 873 Stel.
1227 829 1399 874 Polari

686 902 931 945 Secunda
951 902 1243 945 earundem

685 972 859 1016 Tertia
879 973 1171 1016 earundem

687 1043 890 1096 Quarta

965 1186 1251 1230 ERICHTO
1258 1186 1428 1229 NIVS.

685 1269 936 1324 Superior
969 1272 1022 1312 et
1054 1270 1367 1324 praecedens
1399 1270 1630 1313 duarum
1660 1270 1713 1314 in

745 1340 919 1396 capite
1838 1345 1896 1388 23
1933 1345 1992 1389 38
2112 1348 2170 1391 32
2211 1348 2263 1390 15
2316 1347 2353 1390 Β
2403 1348 2432 1392 6

686 1411 909 1455 Inferior
927 1415 980 1456 et
999 1412 1219 1467 sequens
1838 1416 1898 1459 24
1939 1416 1992 1460 14
2112 1419 2171 1462 30
2206 1418 2264 1462 50
2314 1418 2352 1461 Β
2402 1419 2431 1462 4

686 1484 744 1526 In
765 1483 960 1527 sinistro
980 1483 1207 1527 humero
1227 1483 1448 1538 fulgens,
1471 1483 1686 1539 Capella
1843 1487 1897 1531 16
1938 1487 1992 1531 16
2111 1490 2170 1532 22
2205 1489 2288 1537 5Οὲ
2315 1490 2353 1532 Β
2407 1490 2425 1533 1

686 1555 891 1598 Lucida
909 1554 964 1597 in
983 1555 1171 1598 dextro
1191 1555 1419 1599 humero
1839 1558 1898 1601 24
1933 1559 1991 1602 28
2111 1561 2164 1604 21
2206 1561 2289 1608 27}
2314 1561 2352 1604 Β
2402 1562 2431 1604 2

686 1627 745 1669 In
765 1627 953 1669 dextro
974 1625 1196 1669 brachio
1838 1630 1896 1673 23
1933 1630 1992 1673 59
2117 1632 2169 1675 13
2206 1631 2265 1675 44
2315 1632 2353 1674 Β
2402 1632 2431 1675 4

686 1697 820 1750 Quae
840 1697 894 1740 in
913 1696 1123 1741 sinistro
1145 1697 1324 1741 cubito
1843 1701 1896 1744 13
1963 1701 1992 1744 9
2111 1702 2170 1746 20
2206 1703 2264 1746 52
2315 1703 2353 1745 Β
2402 1703 2431 1746 4

684 1768 995 1812 Praecedens
1014 1768 1204 1812 haedus
1843 1772 1896 1815 13
1963 1774 2016 1820 5}
2116 1773 2170 1816 18
2236 1773 2289 1821 83
2316 1774 2354 1816 B
2402 1774 2431 1817 4

685 1840 922 1895 Sequens
941 1840 1131 1883 haedus
1843 1844 1896 1887 13
1933 1843 2016 1891 49}
2117 1844 2170 1888 18
2211 1845 2287 1892 11}
2315 1845 2353 1887 Β
2401 1845 2430 1888 4

685 1912 744 1954 In
766 1911 1018 1966 superiori
1036 1912 1171 1966 pede
1843 1915 1891 1957 11
1963 1915 2016 1962 4}
2117 1916 2170 1959 10
2206 1917 2265 1959 22
2315 1917 2352 1958 B
2402 1917 2431 1960 4

590 2017 598 2026 .
685 1982 820 2035 Quae
851 1983 1007 2037 supra
1043 1982 1278 2026 lucidam
1312 1982 1365 2026 in
1401 1983 1590 2027 dextro
1622 1983 1714 2027 hu-

744 2065 896 2097 mero
1839 2057 1898 2100 24
1934 2058 2015 2105 252}
2112 2059 2169 2102 27
2206 2059 2264 2101 27
2315 2058 2353 2101 B
2402 2061 2429 2102 5

686 2126 929 2169 Duarum
949 2125 1002 2168 in
1021 2125 1216 2169 lumbis
1236 2126 1403 2170 borea
1844 2128 1898 2172 16
1934 2130 2015 2176 522}
2117 2129 2170 2173 18
2207 2130 2289 2177 34122
2314 2130 2352 2172 B
2402 2131 2430 2174 6

685 2197 942 2240 Australis
1844 2200 1897 2243 16
1963 2200 1992 2244 6
2116 2201 2170 2244 16
2206 2201 2265 2244 59
2315 2201 2353 2243 Β
2402 2204 2430 2244 5

686 2268 820 2320 Quae
839 2267 977 2311 infra
996 2268 1136 2311 hanc
1159 2269 1228 2311 ad
1249 2268 1518 2312 Occasurn
1843 2271 1897 2314 14
1933 2271 1991 2315 58
2116 2272 2168 2314 15
2206 2272 2289 2319 21ὲ
2314 2273 2351 2314 Β
2402 2275 2430 2316 5

686 2340 820 2392 Quae
840 2339 981 2383 hanc
1002 2339 1232 2394 sequitur
1843 2343 1895 2385 17
1963 2342 1991 2386 9
2401 2344 2430 2387 6

686 2410 820 2463 Quae
839 2410 977 2454 infra
996 2411 1184 2454 haedos
1205 2410 1349 2454 circa
1370 2412 1552 2455 clunes
1843 2414 1897 2456 12
1963 2414 1991 2456 O
2401 2417 2429 2458 5

686 2483 929 2525 Duarum
948 2482 1002 2525 in
1021 2482 1209 2526 dextro
1230 2482 1453 2526 brachio
1473 2483 1703 2537 praeced.
1838 2485 1896 2527 22
1938 2485 2014 2531 12}
2401 2487 2428 2528 5

686 2553 922 2607 Sequens
1837 2555 1896 2598 22
1933 2555 1991 2598 44
2401 2559 2429 2600 5

686 2624 820 2676 Quae
839 2623 977 2668 infra
996 2625 1137 2668 hanc
1157 2624 1211 2667 in
1231 2625 1419 2668 dextro
1441 2636 1595 2669 crure
1837 2627 1895 2669 22
1932 2627 1990 2670 35
2400 2627 2429 2671 6

686 2695 820 2748 Quae
839 2695 892 2738 in
912 2695 1107 2739 finistro
1129 2707 1284 2739 crure
1842 2697 1896 2740 16
1931 2697 2014 2744 39}
2400 2701 2427 2742 5

686 2767 745 2809 In
764 2767 952 2810 dextro
972 2767 1109 2821 pede
1842 2768 1895 2811 18
1931 2768 1990 2812 34
2400 2771 2428 2813 5

686 2838 849 2881 Duar.
864 2837 1094 2881 informi.
1112 2837 1256 2881 circa
1275 2837 1467 2881 Ericht.
1483 2839 1713 2892 praeced.
1841 2839 1895 2882 10
1961 2839 2013 2887 4}
2399 2843 2427 2884 5

685 2909 920 2963 Sequens
940 2911 992 2952 et
1012 2908 1256 2952 australis
1841 2910 1894 2953 10
1931 2910 1984 2954 31
2400 2914 2428 2955 5

686 2979 844 3023 Infor.
876 2979 965 3023 int.
997 2979 1187 3023 Ericht.
1219 2982 1272 3023 et
1301 2992 1383 3035 pe.
1415 2980 1465 3037 ][
1496 2992 1618 3035 quae
1646 2982 1716 3025 ad

1750 3045 1800 3387 )=()=()=()=()==(
1751 2050 1803 2960 )=()=()=()=()==()=()=()=()=()=()=()=()=(
1754 1339 1804 1964 )=()=()=()=()=()=()=()=()=(

746 3054 843 3094 ort.
866 3051 919 3094 B.
1835 3052 1893 3095 27
1930 3052 1988 3095 47

685 3122 930 3166 Secunda
1835 3124 1894 3166 22
1930 3123 1988 3166 58

686 3193 820 3245 Quae
838 3192 977 3236 infra
995 3192 1136 3236 hanc
1157 3193 1227 3236 ad
1246 3196 1423 3237 ortum
1835 3194 1893 3238 23
1930 3194 1988 3237 58

685 3264 819 3316 Quae
837 3263 979 3307 hanc
999 3263 1154 3318 praeit
1840 3265 1893 3309 19
1929 3265 2011 3312 523

684 3335 994 3378 Praecedens
1014 3335 1256 3379 omnium
1834 3336 1887 3379 21
1928 3337 1987 3379 55

2009 3434 2471 3498 SEQUENTES
