2976 4264
1005 312 1798 367 PROGYMNASMATA

306 458 464 494 Locum
479 455 648 502 syderis
662 467 710 492 ex
723 454 848 491 lineis
862 452 980 491 rectis
1001 454 1276 501 investigandi

353 504 506 540 modus
1301 502 1371 537 547

306 551 632 597 Longitudinem
646 551 682 586 ἀ
696 549 977 586 Latitudinem
997 560 1044 585 ex
1063 550 1143 585 AR.
1164 560 1276 586 com·

352 598 530 644 putandi
555 599 709 634 modus
738 597 1059 643 compendiosus
1088 598 1122 632 ἀ
1152 597 1275 633 Sche-

353 649 466 682 mata
485 646 540 682 ad
558 645 697 682 varios
718 645 815 681 usus
1302 644 1372 679 205

307 692 480 738 Lovanij
503 693 679 729 altitudo
698 692 786 737 poli
1302 691 1372 727 559

307 742 427 777 Luna
458 740 682 777 difficulter
713 739 949 776 observatur
984 740 1060 775 143.
1099 750 1154 775 an
1186 749 1278 784 pro·

353 788 492 834 prium
512 788 658 823 lumen
678 787 833 823 habeat
1305 787 1374 821 743

307 834 491 872 Lunaria
516 836 551 871 ἀ
576 834 747 880 eclipses
774 833 1047 880 computandi
1071 834 1224 869 modus
1245 834 1280 869 ἃ

308 883 439 966 ιιξξιέ
465 929 772 966 observationes
797 928 860 965 sex
884 929 965 964 459.
998 928 1091 964 eius
1118 928 1278 974 magni·
1309 882 1374 915 ¹¹3

354 978 457 1014 tudo
475 977 706 1014 secundum
725 976 972 1022 Tychonem
992 976 1073 1011 474.
1103 975 1279 1011 latitudo

355 1024 536 1061 maxima
546 1024 777 1061 secundum
785 1024 1032 1069 Tychonem
1046 1024 1127 1059 463.
1143 1023 1278 1058 Paral-

355 1073 468 1109 laxes
495 1072 726 1108 admodum
749 1082 917 1116 magnae
937 1072 1018 1106 415.
1046 1071 1278 1106 Parallaxes

355 1119 573 1166 Copernic.
595 1119 876 1165 comprobatae
1305 1118 1376 1153 459

804 1200 880 1244 Μ.

310 1261 544 1299 Mael'tlinus
1307 1261 1376 1295 543

311 1309 604 1346 Maestlinianae
630 1307 928 1345 observationis
955 1319 1052 1344 cum
1074 1307 1280 1353 Diggesse-

357 1368 440 1393 ana
460 1356 717 1402 comparatio
1306 1355 1377 1390 676

311 1404 455 1450 Magia
475 1403 679 1440 naturalis
699 1404 780 1439 584.
801 1403 988 1440 concessa
1307 1403 1378 1438 778

311 1452 467 1498 Magiae
486 1451 583 1487 libri
603 1451 775 1487 rituales
794 1451 948 1487 Adami
1307 1450 1377 1485 716

312 1499 523 1545 Magnetis
543 1502 694 1535 natura
1306 1498 1377 1532 747

312 1547 459 1584 Martis
480 1550 620 1583 motus
640 1544 844 1583 haetenus
864 1545 1047 1582 incertus
1068 1546 1148 1581 648.
1169 1544 1282 1580 stella

357 1594 551 1631 scintillat
571 1604 884 1639 nonnunquam
1308 1593 1378 1628 724

312 1641 613 1678 Mathematiea
633 1641 825 1686 Phyfices
846 1641 1170 1676 fundamentum
1309 1640 1375 1675 751

313 1689 710 1726 Mathematicorum
729 1687 968 1734 vulgarium
989 1687 1266 1733 repraehenfio
1309 1688 1380 1722 305

312 1736 566 1774 Mechanica
584 1736 799 1782 Tychonis
1309 1736 1379 1770 252

313 1784 487 1821 Medusa
1309 1783 1380 1818 308

313 1831 509 1876 Mercurii
541 1831 848 1868 observationes
877 1830 1112 1876 Copernico
1141 1830 1284 1866 nullae.

358 1879 552 1926 Tychoni
571 1878 766 1924 plurimae
1313 1878 1379 1912 104

314 1926 511 1971 Mercurii
534 1929 673 1962 motus
694 1926 850 1972 quibus
869 1925 1026 1961 tabulis
1046 1924 1223 1962 vicinior
1311 1925 1381 1960 530

314 1974 563 2011 Meridianae
583 1973 708 2010 lineae
729 1973 916 2010 inventio
936 1973 1051 2009 unde
1311 1974 1380 2008 524

314 2022 562 2058 Meridianae
570 2033 643 2067 per
650 2021 791 2058 Solem
800 2021 987 2057 inventio
995 2023 1153 2066 quanto
1160 2019 1286 2056 tutior
1310 2021 1381 2056 633

315 2069 487 2106 MeBala
511 2069 646 2105 Arabs
1311 2068 1381 2103 513

315 2117 489 2153 Metalla
508 2116 724 2152 Sideribus
745 2116 993 2161 respondent
1310 2116 1381 2151 410

315 2166 502 2200 Meteora
522 2163 698 2201 caelestia
716 2165 798 2200 641.
819 2174 906 2199 non
928 2162 1138 2199 durabilia
1311 2163 1381 2198 407

316 2211 618 2257 Meteorologia
639 2209 876 2256 imperfecta
1311 2211 1382 2246 640

316 2259 535 2296 Milichius
555 2259 756 2295 refutatus
1311 2259 1382 2294 583

316 2307 543 2343 Mobilium
563 2306 725 2342 summa
745 2306 920 2342 altitudo
1314 2306 1385 2341 480

314 2366 362 2391 ex
383 2354 498 2390 Mose
517 2355 638 2391 locus
1210 2353 1291 2388 573.
1314 2354 1384 2388 610

317 2401 519 2438 Mulieres
540 2401 643 2447 quid
662 2401 849 2437 offendat
1313 2401 1384 2436 307

317 2449 471 2485 Mundi
490 2452 591 2485 aetas
613 2460 701 2485 non
722 2451 832 2485 certo
852 2448 1061 2493 explorata
1313 2449 1384 2484 718

317 2497 539 2533 Munofius
562 2496 776 2542 Hispanus
798 2497 880 2532 452.
901 2496 981 2532 507.
1003 2497 1083 2531 565.
1110 2495 1287 2531 fixarum

363 2544 659 2580 restitutionem
680 2543 892 2580 attentavit
1314 2544 1383 2578 567

319 2591 519 2628 Munl'teri
538 2591 695 2627 tabulae
1314 2590 1384 2626 770

815 2672 884 2715 N·

319 2734 445 2770 Noah
1314 2732 1385 2767 309

319 2780 559 2817 Nobilitatis
586 2779 734 2826 iniqua
761 2780 813 2815 de
838 2779 957 2815 libris
980 2778 1207 2816 scribendis
1228 2778 1289 2814 iu-

365 2828 477 2865 dicia
1315 2827 1385 2862 579

319 2875 479 2920 Nolthij
502 2875 780 2920 repraehenfio
1315 2874 1381 2909 761

319 2923 551 2959 Nonniana
570 2922 716 2958 divisio
736 2921 982 2968 quadrantis
1316 2922 1381 2957 631

319 2970 564 3015 Noribergae
575 2968 761 3006 retractio
771 2970 828 3005 47.
844 2969 1019 3004 altitudo
1029 2967 1116 3013 poli
1127 2969 1184 3004 48.
1198 2967 1290 3004 eius

366 3017 625 3063 investigatio
645 3019 701 3053 45.
722 3016 1002 3062 longitudinis
1023 3027 1120 3052 cum
1142 3017 1289 3051 Huen-

367 3065 484 3102 nenli
504 3064 761 3110 comparatio
1341 3064 1382 3098 51

321 3112 580 3149 Novationes
601 3122 656 3147 an
676 3111 859 3148 ferendae
878 3114 918 3147 et
936 3114 1146 3157 quatenus
1317 3111 1387 3146 637

826 3192 887 3238 Ο.

321 3253 560 3291 Observatio
580 3253 690 3290 Solis
1322 3253 1387 3288 102

321 3301 639 3338 Observationes
671 3300 907 3345 rejicientes
935 3301 1062 3345 plane
1091 3299 1292 3336 audiendi

369 3360 457 3386 non
476 3349 568 3385 sunt
586 3350 668 3385 413.
689 3348 791 3394 quid
809 3348 1049 3385 conducant
1065 3347 1110 3383 in
1124 3347 1293 3384 diversis

369 3396 474 3433 locis
1318 3395 1389 3431 275

2403 312 2508 364 327

1444 454 1788 491 Observationum
1808 453 1908 490 vitia
1928 455 2136 500 quatenus
2163 453 2224 489 nil
2248 453 2415 489 turbent

1491 503 1571 538 347.
1587 513 1732 538 earum
1747 501 2005 538 certitudinis
2020 500 2319 546 compendium
2332 502 2413 537 415.

1491 549 1739 586 lubricitatis
1751 549 1988 594 exemplum
1999 549 2080 585 759.
2094 548 2194 584 vitia
2208 551 2413 594 quantum

1491 596 1796 652 :Astronpmiam
1825 597 1860 633 &
1890 595 2082 642 inprimis
2114 599 2275 632 motum
2305 596 2414 632 Solis

1445 645 1813 728 Obffiaegtlizxntibus
1852 690 2002 728 alienis
2041 694 2247 737 quantum
2282 645 2414 727 fidelg.
2464 643 2511 678 ⁶8

1447 740 1703 823 olgissssandi
1736 789 1846 823 certo
1877 786 2114 832 exemplum
2145 788 2226 822 425.
2262 787 2414 822 modus
2440 738 2506 774 4⁵1

1494 846 1567 879 per
1586 834 1708 870 filum
1729 834 1809 870 549.
1830 834 1983 870 modus
2002 837 2188 870 veterum
2208 837 2367 870 taxatus
2445 833 2511 869 143

1448 882 1500 918 de
1520 882 1655 918 Oculo
1676 881 1948 918 commonitio
2441 880 2512 917 676

1448 929 1692 974 Opticorum
1713 929 1883 965 censura
2465 929 2507 963 91

1449 977 1691 1022 Opticarum
1712 987 1851 1012 rerum
1870 976 2084 1022 scriptores
2441 977 2511 1012 733

1448 1024 1580 1060 Orbes
1601 1025 1734 1060 reales
1754 1022 1890 1060 reieffl
2464 1024 2511 1059 92

1448 1072 1581 1107 Orbes
1602 1071 1720 1108 solidi
1740 1071 1859 1113 nulli,
1881 1071 2036 1117 quibus
2051 1071 2309 1117 argumentis
2323 1082 2415 1116 pro-

1495 1120 1614 1155 betur
2443 1119 2512 1154 575

1449 1166 1599 1203 Oriens
1620 1167 1803 1203 absolute
1823 1166 1969 1202 nullus
2442 1167 2512 1202 784

1386 1244 1389 1245 γ
1449 1213 1587 1259 Ovidii
1610 1215 1730 1251 locus
2443 1214 2512 1249 744

1953 1296 2013 1339 P.

1451 1355 1682 1402 Palingenij
1705 1357 1825 1393 locus
2444 1357 2513 1392 775

1451 1403 1674 1440 Parallaxis
2443 1405 2514 1440 413

1452 1451 1674 1487 Parallaxis
1695 1451 1809 1488 orbis
1829 1451 1932 1497 quid
1951 1451 1996 1486 in
2017 1450 2250 1496 Copernico

1452 1498 1675 1535 Parallaxis
1707 1498 1821 1535 orbis
1854 1498 1987 1535 annui
2021 1499 2188 1535 schema
2220 1498 2418 1544 Coperni-

1498 1557 1635 1583 caeum

1452 1593 1685 1629 Parallaxin
1723 1593 1931 1639 cuiusque
1970 1593 2202 1630 altitudinis
2240 1605 2286 1629 ex
2324 1594 2420 1629 data

1499 1641 1629 1677 unius
1650 1641 1925 1687 investigandi
1945 1642 2098 1677 modus
2117 1642 2197 1677 760.
2225 1642 2279 1677 ad
2304 1653 2419 1678 men-

1499 1691 1582 1724 tem
1603 1689 1924 1734 Regiomontani
1944 1688 2185 1734 inquirendi
2205 1690 2358 1725 modus

1454 1736 1686 1772 Parallaxes
1702 1736 1848 1772 Martis
1863 1738 1943 1773 661.
1963 1736 2172 1772 sensibiles
2186 1738 2267 1772 414.
2286 1737 2421 1782 paral-

1499 1784 1613 1820 laxes
1627 1795 1712 1829 qua
1726 1784 1920 1820 cautione
1933 1782 2156 1820 traaandae
2170 1785 2250 1820 758.
2265 1787 2422 1829 quanta

1501 1830 1863 1876 circumspeetione
1907 1831 2244 1867 administrandae
2287 1843 2420 1868 exem-

1500 1879 1619 1924 plum
1645 1878 1690 1914 in
1708 1879 1924 1915 Thaddaeo
1949 1880 2030 1915 516.
2056 1890 2128 1915 eas
2154 1879 2329 1915 notandi
2354 1879 2423 1915 via

1501 1926 1797 1971 compendiosa

1454 1973 1732 2010 Parallaxium
1751 1973 2052 2019 impedimenta
2071 1975 2151 2010 661.
2166 1975 2246 2010 663.
2260 1975 2340 2010 685.
2362 1973 2423 2009 in·

1501 2021 1837 2067 vestigandarum
1862 2021 1965 2065 varij
1994 2021 2110 2057 modi
2130 2021 2235 2057 inter
2253 2022 2292 2058 se
2312 2033 2423 2058 com-

1500 2068 1633 2114 parati
1646 2070 1727 2105 458.
1742 2070 1822 2105 687.
1837 2070 1919 2105 514.
1935 2069 2194 2105 Problemata
2205 2069 2424 2115 Diggessaei

1501 2118 1582 2152 664.
1608 2115 1806 2153 Dodfflna
1827 2116 2047 2162 Diggessaei
2067 2116 2324 2153 insufficiens
2343 2118 2424 2152 661.

1502 2165 1818 2201 enucleatarum
1849 2164 2038 2209 exempla
2070 2164 2114 2199 in
2146 2164 2259 2200 stella
2287 2166 2316 2206 Ω
2348 2165 2424 2200 157.

1503 2210 1712 2248 Βοᾶτὶιιε
1732 2212 1910 2248 nucleus
1932 2212 2105 2248 Ioannis
2127 2213 2215 2248 Dee

1456 2260 1520 2295 De
1553 2259 1829 2295 Parallaxium
1865 2259 2117 2305 compendio
2151 2259 2425 2305 Diggesseano

1504 2306 1711 2343 iudicium
1730 2307 1945 2353 Tychonis

1458 2355 1522 2390 De
1549 2354 1832 2390 Parallaxibus
1858 2353 2050 2391 tractatus
2074 2354 2277 2390 Thaddaei
2303 2355 2338 2390 &
2363 2354 2425 2390 iu-

1505 2401 1663 2438 dicium
1683 2402 1898 2448 Tychonis

1457 2460 1504 2485 ex
1530 2449 1816 2485 Parallaxibus
1845 2461 1929 2494 qua
1958 2449 2153 2486 cautione
2179 2450 2231 2485 de
2257 2449 2426 2494 Syderis

1505 2496 1695 2532 distantia
1715 2496 2052 2533 ratiocinandum
2345 2497 2425 2532 603.
2452 2497 2522 2532 609

1458 2542 1733 2580 Parallaflicae
1753 2544 1910 2589 regulae
2455 2545 2521 2578 142

1459 2589 1772 2627 Parallaciicum
1782 2591 1996 2637 Tychonis
2011 2592 2091 2627 636.
2106 2590 2426 2637 Wittebergense
2451 2592 2522 2626 636

1458 2639 1614 2674 Paulus
1635 2638 1862 2679 Fabricius,
1882 2638 1977 2674 vide
1997 2639 2038 2674 F.

1459 2685 1577 2720 Pauli
1591 2685 1802 2730 Hainzelij
1821 2686 1950 2721 literae
1965 2686 2019 2721 ad
2032 2685 2235 2722 Wolfium
2251 2686 2302 2721 de
2317 2696 2427 2722 nova

2444 1453 2513 1487 684

2445 1547 2515 1582 659

2446 1690 2516 1725 756

2448 1927 2518 1962 673

2451 2212 2521 2247 690

2451 2308 2521 2343 676

2451 2402 2521 2437 520

1506 2732 1619 2768 stella
2452 2734 2523 2768 536

1459 2781 1614 2815 Paulus
1634 2780 1873 2816 Wittichius
2453 2781 2523 2816 520

1460 2828 1631 2863 Penates
1653 2827 1891 2864 Paracelfici
2453 2828 2524 2863 779

1459 2874 1624 2910 Perseus
2453 2875 2524 2910 308

1460 2921 1699 2958 Pertinaciae
1719 2925 1936 2967 praetextus
2454 2923 2524 2957 638

1460 2970 1601 3005 Petrus
1623 2969 1790 3005 Nonius
2453 2970 2519 3004 221

1461 3018 1601 3052 Petrus
1622 3017 1812 3053 Oxonius
1833 3018 1983 3052 Dauus
2454 3017 2524 3052 580

1461 3065 1601 3100 Petrus
1622 3065 1778 3100 Ramus

1461 3113 1665 3147 Peuzerus
1688 3112 1747 3147 de
1775 3112 1965 3148 locorum
1996 3110 2196 3155 distantiis
2226 3112 2306 3147 632.
2336 3110 2428 3147 eius

1508 3159 1559 3195 de
1591 3170 1702 3195 nova
1731 3158 1844 3194 stella
1871 3158 2081 3194 sententiae
2110 3159 2190 3194 535.
2223 3169 2320 3195 cum
2350 3159 2429 3204 Ty·

1507 3207 1645 3243 chone
1665 3206 1885 3243 consensus
1905 3206 1986 3241 540.
2006 3206 2101 3241 laus
2455 3207 2521 3241 621

1462 3253 1726 3299 Philosophia
1758 3254 2008 3290 Paracelfica
2046 3254 2126 3289 583.
2165 3253 2219 3289 ad
2251 3253 2430 3290 Philoso-

1507 3300 1620 3346 phiae
1639 3301 1878 3346 professores
1899 3298 2244 3337 commonefatstio

1462 3348 1642 3393 Philippi
1666 3348 1849 3393 Appiani
1877 3348 2006 3384 literae
2036 3348 2090 3384 ad
2119 3347 2430 3394 Landgravium

1509 3396 1561 3432 de
1581 3406 1692 3432 nova
1711 3395 1825 3432 stella

2452 3064 2523 3099 359

2456 3301 2526 3336 627

2456 3396 2526 3430 643

2219 3443 2525 3508 Philippus
