2976 4264
497 289 600 340 398
1035 286 1725 340 ANNOTATIONES
1752 286 2156 340 EDITORIS

497 426 714 480 dripart.
736 426 919 480 interp.
944 425 1252 468 Melanthon
1281 424 1516 482 [Basileae
1544 426 1673 483 1553]
1699 427 1783 469 lib.
1808 427 1853 468 II
1880 439 1928 481 p.
1956 426 2057 483 105)
2083 427 2147 469 de
2175 426 2336 469 variis
2363 430 2696 470 cometarum

496 497 770 551 generibus
790 496 1122 550 paucissimis
1141 499 1350 538 tantum
1370 495 1545 539 verbis
1567 496 1811 551 disputat.

556 568 623 609 ad
643 580 691 621 p.
719 566 870 624 164,³³]
891 568 988 609 Pro
1013 566 1125 609 1574
1143 566 1338 609 tradita
1359 569 1437 609 est
1457 567 1718 621 scriptura
1737 568 1864 620 1573,
1886 568 1981 610 sed
2001 568 2105 611 hoc
2128 579 2268 611 anno
2288 569 2438 611 stella
2459 569 2696 611 nondum

496 640 799 681 evanuerat.
818 638 888 681 M.
907 638 1049 693 Majo
1065 650 1111 680 a.
1133 637 1245 680 1574
1260 637 1462 692 Jupiter
1481 641 1596 681 erat
1614 638 1667 681 in
1684 639 1753 696 Π,
1778 638 2033 682 Saturnus
2053 638 2106 681 in
2128 640 2198 693 β,
2223 639 2355 682 alter
2374 639 2528 694 igitur
2548 640 2697 683 alteri

496 709 781 763 oppositus.

555 780 622 822 ad
642 792 691 834 p.
718 780 871 837 165,³⁶]
893 780 1131 823 Caudam
1152 783 1486 823 cometarum
1508 793 1539 822 a
1560 780 1680 824 Sole
1703 792 1915 835 semper
1942 792 2192 824 aversam
2218 792 2334 824 esse
2360 781 2593 835 primum
2612 782 2697 825 Pe-

493 854 634 893 trum
660 851 926 905 Apianum
951 851 1298 905 perspexisse,
1330 851 1631 894 communis
1658 855 1737 895 est
1764 851 1958 906 opinio,
1988 852 2076 906 qui
2097 851 2151 894 in
2168 850 2556 895 Astronomico
2580 851 2697 896 Cae-

494 932 656 964 sareo
676 922 998 978 (Ingolstadii
1021 922 1148 974 1540,
1173 922 1226 964 in
1246 922 1355 979 fol.)
1376 923 1441 965 de
1460 923 1564 966 hac
1585 934 1643 965 re
1662 923 1871 977 publice
1898 923 2196 977 disputavit.
2226 923 2328 966 Sed
2354 926 2696 978 perspexerat

487 994 602 1048 jam
617 993 991 1045 Fracastorius,
1013 996 1070 1035 ut
1084 996 1305 1047 apparet
1319 1004 1386 1035 ex
1398 993 1539 1036 Hom
1546 1004 1682 1037 ocen
1690 993 1838 1037 tricis
1858 994 1984 1049 ejus,
2007 1006 2128 1048 quae
2142 994 2374 1048 primum
2389 994 2696 1048 prodierunt

493 1064 722 1108 Veronae
747 1065 858 1108 1538
877 1065 999 1122 (vid.
1022 1067 1148 1108 sect.
1172 1064 1242 1106 111
1265 1076 1380 1119 cap.
1402 1065 1492 1121 23).

554 1136 620 1178 ad
642 1148 690 1190 p.
718 1136 871 1194 166,14]
891 1136 994 1179 vid.
1013 1135 1328 1190 Hieronymi
1339 1136 1565 1178 Cardani
1578 1135 1663 1179 De
1677 1147 1856 1179 rerum
1876 1135 2139 1179 varietate
2153 1134 2278 1178 libri
2288 1135 2449 1179 XVII
2458 1135 2695 1193 (Basileae

498 1206 628 1264 1557)
646 1219 731 1262 pp.
753 1208 782 1250 2
801 1220 914 1262 sqq.

553 1278 621 1320 ad
640 1291 689 1332 p.
717 1278 869 1336 167,31]
891 1279 990 1322 Hic
1012 1278 1143 1321 liber
1160 1279 1233 1321 ita
1252 1278 1572 1322 inscribitur:
1594 1277 1720 1322 Alae
1739 1288 1846 1321 sev
1862 1278 2034 1322 scalae
2052 1276 2473 1332 mathematicae,
2497 1277 2695 1332 quibus

496 1348 792 1392 visibilium
820 1349 1191 1393 remotissima
1217 1348 1485 1393 Coelorum
1515 1349 1748 1393 Theatra
1775 1348 2079 1393 conscendi
2104 1352 2188 1393 cet
2204 1382 2332 1393 .....
2353 1350 2560 1393 Thoma
2580 1350 2696 1405 Dig-

493 1432 664 1474 geseo,
688 1421 964 1473 Cantiensi,
987 1421 1291 1464 Stemmatis
1313 1421 1581 1473 Generosi,
1603 1421 1840 1464 Authore
1860 1420 2106 1478 (Londini
2129 1421 2257 1473 1573,
2278 1420 2337 1463 44
2357 1421 2463 1464 foll.
2484 1421 2538 1464 in
2556 1421 2645 1479 4⁰).

554 1493 621 1534 ad
641 1504 690 1546 p.
718 1492 921 1549 172,14]1.
945 1503 989 1535 C.
1011 1492 1101 1535 fol.
1124 1493 1169 1534 A
1187 1493 1313 1535 3¹-V.

554 1564 622 1606 ad
641 1576 690 1617 p.
718 1563 870 1621 173,1⁶]
892 1563 938 1605 N
942 1566 1090 1607 otatu
1111 1564 1325 1618 dignum
1346 1567 1439 1615 est,
1470 1563 1612 1618 quod
1632 1563 1929 1618 parallaxin
1950 1563 2151 1614 Martis,
2181 1575 2304 1607 cum
2324 1563 2501 1607 Terrae
2524 1564 2697 1618 proxi-

494 1646 612 1677 mus
633 1635 712 1685 sit,
734 1634 820 1678 hic
840 1635 890 1677 2⁴
912 1635 1059 1689 ponit
1077 1635 1275 1690 Tycho.
1306 1635 1408 1678 Sed
1428 1634 1590 1678 nihilo
1611 1634 1786 1677 minus
1806 1634 1941 1678 Solis
1960 1635 2256 1690 parallaxin
2276 1634 2485 1689 publice
2505 1636 2695 1679 saltem

492 1706 541 1747 3‘
564 1706 867 1748 aestimabat
887 1709 937 1749 et
959 1706 1143 1749 Martis
1165 1706 1469 1748 distantiam
1490 1718 1521 1748 a
1541 1706 1718 1757 Terra,
1747 1717 1872 1749 cum
1893 1706 1999 1749 Soli
2018 1706 2103 1748 ille
2124 1707 2397 1761 oppositus
2423 1709 2575 1759 esset,
2604 1706 2697 1749 mi-

493 1789 680 1820 norem
708 1790 869 1831 quam
891 1778 1023 1820 Solis
1049 1789 1164 1821 esse
1192 1777 1514 1820 affirmabat.
1545 1777 1662 1820 Hac
1682 1789 1741 1820 re
1762 1777 1938 1832 opinio
1965 1780 2148 1821 nostra
2169 1778 2534 1829 confirmatur,
2562 1777 2695 1821 Solis

492 1849 787 1902 parallaxin
815 1849 1173 1891 instrumentis
1202 1849 1308 1891 suis
1338 1848 1661 1903 deprehendi
1689 1860 1796 1891 non
1825 1860 1997 1903 posse,
2028 1848 2268 1903 Tychoni
2296 1852 2482 1892 notum
2511 1849 2693 1901 fuisse;

494 1919 559 1962 cf.
581 1923 710 1962 tom.
734 1920 754 1961 I
776 1932 860 1974 pp.
883 1920 1047 1962 XXXI
1069 1923 1119 1963 et
1138 1920 1350 1962 XXXIX
1371 1932 1447 1974 sq.

554 1991 623 2033 ad
643 2003 692 2045 p.
720 1991 838 2043 176,3
857 1991 871 2047 ]
893 1992 924 2033 l.
948 2003 992 2034 c.
1016 1991 1103 2034 fol.
1127 1992 1194 2033 Bv
1214 2003 1290 2045 sq.

554 2062 622 2104 ad
642 2074 691 2116 p.
718 2061 871 2119 176,23]
891 2063 921 2105 1.
945 2073 990 2105 0.
1013 2062 1101 2105 fol.
1125 2063 1163 2104 B
1182 2063 1253 2105 2¹⁷.
1278 2063 1356 2106 De
1378 2062 1614 2106 Iohanne
1636 2063 1746 2105 Dee
1767 2061 1870 2104 vid.
1893 2062 2048 2117 hujus
2068 2062 2200 2105 tomi
2221 2074 2306 2116 pp.
2329 2062 2416 2105 203
2436 2074 2549 2116 sqq.

553 2134 621 2176 ad
641 2145 689 2187 p.
718 2133 868 2190 184,2⁴]
894 2134 979 2175 »In
992 2133 1179 2176 Praxin
1193 2134 1623 2177 Praefatiuncula«
1642 2133 1904 2176 invenitur
1917 2133 2004 2176 fol.
2021 2133 2069 2175 H
2081 2132 2200 2186 4r-v;
2217 2136 2509 2188 sequuntur
2523 2133 2691 2189 »Radij

490 2204 848 2247 Astronomici
867 2206 1280 2259 supplementa«,
1303 2217 1423 2259 quae
1448 2205 1500 2247 15
1520 2205 1738 2259 paginas
1759 2205 1985 2259 explent.

551 2276 619 2317 ad
639 2288 688 2330 p.
714 2275 866 2332 184,³³]
894 2276 1182 2319 Richardus
1210 2276 1464 2319 Chansler
1487 2276 1837 2334 (Chancellor)
1863 2288 1929 2319 ex
1956 2276 2160 2331 magnis
2184 2276 2282 2319 illis
2303 2276 2576 2328 Britannis,
2605 2276 2693 2330 qui

492 2346 767 2389 Oceanum
797 2348 1221 2401 exploraverunt,
1251 2350 1492 2401 tempore
1520 2347 1617 2390 fuit
1644 2347 1779 2391 inter
1807 2347 2030 2402 primos;
2062 2360 2108 2390 a.
2144 2347 2255 2391 1553
2282 2347 2335 2390 in
2361 2347 2693 2402 expeditione

492 2417 705 2460 Domini
731 2418 887 2472 Hugh
908 2418 1248 2473 Willoughby
1277 2418 1433 2472 primi
1462 2418 1720 2462 nauarchi
1747 2430 1966 2462 munere
1993 2418 2203 2462 functus
2231 2419 2380 2462 Mare
2403 2419 2597 2462 Album
2622 2418 2694 2462 in-

490 2489 663 2540 travit,
692 2492 834 2531 terra
862 2489 1197 2532 Moscoviam
1223 2490 1406 2544 petivit
1430 2493 1482 2533 et
1504 2489 1914 2545 Archangelium
1940 2489 2108 2542 rediit,
2136 2490 2257 2532 inde
2279 2489 2602 2533 Britanniam
2622 2490 2693 2532 in-

492 2560 716 2603 columis
735 2560 970 2612 revertit3
993 2560 1045 2603 in
1066 2562 1231 2604 altera
1253 2564 1432 2604 autem
1453 2561 1786 2615 expeditione
1807 2574 1853 2605 a.
1876 2561 1988 2604 1556
2001 2562 2309 2604 submersus
2323 2563 2415 2604 est.
2432 2587 2490 2592 ——
2505 2561 2693 2616 HuJus-

491 2631 637 2674 modi
663 2631 1032 2675 subdivisionis
1059 2632 1468 2687 descriptionem
1493 2632 1547 2675 in
1571 2632 1660 2676 fol.
1683 2633 1704 2675 1
1730 2633 1788 2676 3v
1813 2633 2018 2687 praebet
2038 2632 2326 2687 Diggesius,
2355 2632 2443 2687 qui
2463 2632 2551 2676 fol.
2575 2632 2621 2674 K
2640 2633 2693 2676 3¹·

492 2702 837 2746 Chanslerum
859 2703 1109 2758 designat,
1132 2716 1256 2747 cum
1276 2704 1507 2758 loquitur
1526 2703 1592 2746 de
1616 2704 1958 2759 »peritissimo
1977 2707 2029 2747 et
2041 2703 2460 2759 ingeniosissimo
2476 2704 2692 2747 Artifice

492 2773 889 2825 Mathematico‚
918 2774 1067 2817 cuius
1094 2787 1290 2818 nomen
1315 2787 1379 2819 eo
1406 2775 1650 2818 libentius
1676 2775 1948 2830 publicare
1975 2775 2203 2828 decreui,
2233 2775 2376 2829 quod
2400 2775 2507 2818 iam
2534 2787 2564 2818 e
2582 2775 2692 2818 vita

491 2844 802 2897 discesserit,
829 2857 1000 2899 neque
1026 2849 1434 2889 monumentum
1460 2858 1679 2889 suarum
1704 2846 1958 2889 virtutum
1979 2847 2145 2889 vllum
2170 2846 2441 2901 publicum
2467 2846 2690 2900 reliquit,

490 2919 683 2970 praeter
703 2917 1056 2959 Instrumenta
1079 2918 1328 2971 quaedam
1348 2930 1562 2960 summa
1583 2920 1696 2960 arte
1715 2917 1979 2960 fabricata
1999 2920 2051 2961 et
2070 2917 2434 2960 dulcissimam
2454 2929 2568 2960 suae
2594 2916 2693 2960 sin-

489 2988 682 3041 gularis
702 2987 903 3041 peritiae
922 2988 993 3043 (in
1012 2989 1389 3032 nonnullorum
1405 2988 1912 3032 Mathematicorum
1934 2989 2108 3032 adhuc
2130 2988 2470 3043 superstitum
2485 2988 2692 3045 animis)

491 3059 852 3102 memoriam«.
877 3058 1031 3102 Hunc
1060 3062 1239 3103 autem
1260 3060 1732 3103 instrumentorum
1753 3059 2003 3114 opificem
2024 3060 2251 3103 eundem
2272 3059 2431 3103 fuisse
2449 3059 2692 3102 Chansle-

490 3141 624 3181 rum,
651 3130 738 3183 qui
760 3142 910 3173 mare
930 3131 1326 3185 exploravisset,
1347 3134 1572 3174 testatur
1591 3131 1854 3175 Iohannes
1875 3131 2002 3183 Dee,
2031 3130 2120 3185 qui
2139 3131 2191 3173 in
2210 3131 2319 3174 vita
2338 3143 2451 3183 sua,
2480 3142 2601 3184 quae
2621 3130 2692 3173 in-

490 3200 733 3243 scribitur
766 3200 1206 3255 »Compendious
1237 3201 1614 3255 Rehearsall«,
1655 3202 1979 3245 mentionem
2019 3202 2146 3245 facit
2179 3201 2502 3256 quadrantis,
2542 3201 2690 3256 cujus

489 3271 883 3314 semidiameter
903 3273 1132 3326 quinque
1151 3273 1348 3327 pedum
1369 3273 1539 3324 fuerit,
1562 3284 1721 3327 quem
1743 3273 1947 3316 amicus
1966 3285 2093 3316 suus
2115 3273 2404 3316 Richardus
2422 3272 2688 3323 Chansler,

489 3341 548 3393 is,
572 3342 659 3395 qui
678 3343 802 3385 navi
819 3343 1056 3385 Russiam
1077 3344 1296 3397 petierit,
1320 3347 1609 3398 antequam
1630 3356 1676 3387 a.
1698 3344 1811 3387 1556
1830 3344 2221 3398 navigationem
2241 3343 2485 3386 ultimam
2504 3342 2688 3394 inierit,
