2976 4264
464 325 497 376 6
964 313 1574 370 ASTRONOMIAE
1601 311 2167 366 INSTAURATAE

535 464 629 516 Ab
650 462 1013 515 Illustrissimo
1039 461 1237 522 itaque
1257 457 1523 519 Principe
1543 454 1996 508 WILHELMO
2024 454 2336 508 HASSIAE
2362 454 2664 507 LANDT-

467 534 771 593 GRAVIO,
801 546 1006 584 eorum
1029 529 1259 601 placita,
1288 529 1390 591 qui
1410 525 1713 578 nobiscum
1734 525 1991 578 consona
2011 526 2411 587 obseruatum,
2439 526 2665 578 exordi-

466 613 642 665 entes,
663 604 836 669 ipfius
859 601 1003 654 Cels.
1026 599 1399 652 aduerfiones
1421 599 1692 649 omnium
1711 599 1903 661 primo
1925 597 2343 662 expendemus,

460 760 1345 856 JLLVSTRISSIMVS
1388 758 1927 833 PRINCEPS
1963 758 2667 832 WILHELMVS
2750 707 2754 709 -

998 868 1361 930 HASSIAE
1393 866 2134 927 LANDTGRAVIVS.
2719 888 2741 922 ⁵

594 971 723 1023 UM
753 973 902 1021 inter
930 984 1047 1029 605,
1079 970 1181 1031 qui
1207 966 1399 1017 nostro
1425 965 1584 1016 AEuo
1612 964 1688 1017 ad
1716 964 1988 1017 Siderum
2014 966 2390 1029 apparentias
2415 963 2669 1029 perscru-

617 1041 826 1093 tandas
846 1042 1117 1092 animum
1136 1037 1546 1103 applicuerunt
1569 1036 1694 1100 (qui
1713 1042 1915 1088 tamen
1934 1038 2215 1101 perpauci
2234 1034 2385 1099 sunt)
2411 1051 2589 1087 nemo
2609 1037 2672 1086 in

468 1115 795 1167 Germania
814 1111 908 1163 vel
935 1111 1090 1171 alibi,
1120 1109 1279 1174 quod
1304 1108 1497 1169 sciam,
1524 1107 1893 1160 solidioribus
1913 1107 2211 1172 magisque
2233 1105 2455 1158 affabre
2477 1105 2671 1158 elabo-

466 1188 604 1237 ratis
631 1183 1043 1243 Inl'trumentis,
1073 1183 1255 1246 quam
1281 1179 1525 1232 Illustris.
1547 1179 1822 1244 Princeps
1841 1177 2334 1231 WILHELMVS
2361 1177 2673 1230 HASSIAE

467 1252 1083 1308 LANDTGRAVIVS
1103 1249 1407 1304 instructus
1421 1251 1500 1312 fit,
1523 1250 1575 1302 81
1595 1250 1833 1316 ipsemet
1848 1265 2087 1315 quoque
2103 1248 2454 1302 obseruandi
2466 1251 2675 1314 peritia
2728 1266 2770 1302 10

466 1326 831 1392 praepolleat;
855 1325 986 1389 (nec
1007 1327 1167 1376 enim
1186 1323 1389 1375 saltem
1409 1322 1559 1375 alios
1579 1322 1717 1374 huic
1739 1321 1936 1374 officio
1951 1322 2260 1387 deputatos
2273 1320 2558 1382 sustentat,
2579 1320 2675 1373 sed

469 1400 521 1451 &
541 1401 667 1450 eius
689 1396 983 1450 Celfitudo
1009 1395 1251 1448 subinde
1277 1410 1382 1459 per
1409 1397 1607 1446 ocium
1632 1393 1724 1446 his
1752 1393 2056 1459 diligenter
2075 1392 2386 1459 inuigilare
2406 1408 2531 1445 non
2549 1407 2674 1458 gra-

468 1469 664 1533 uatur)
679 1469 946 1533 AEquum
961 1467 1050 1528 est,
1066 1473 1125 1519 vt
1139 1482 1262 1518 non
1276 1466 1456 1518 modo
1472 1466 1547 1518 ob
1561 1465 1848 1530 prosapiae
1864 1471 2040 1530 atque
2056 1465 2366 1530 dignitatiS,
2387 1463 2483 1516 sed
2498 1466 2676 1516 etiam

469 1543 701 1593 eximiae
722 1539 900 1592 huius
922 1539 1292 1604 Cognitionis
1312 1544 1488 1602 atque
1509 1535 1896 1590 Tractationis
1917 1536 2342 1597 excellentiam,
2363 1535 2495 1601 alijs
2515 1540 2675 1587 ante-

468 1613 687 1665 feratur
713 1611 765 1663 &
790 1614 1011 1676 primas
1038 1617 1214 1674 atque
1241 1611 1571 1674 praecipuas
1596 1614 1790 1673 partes
1813 1611 2023 1660 merito
2044 1608 2319 1660 obtineat.
2347 1606 2677 1659 Plurimum
2730 1624 2772 1659 15

468 1683 751 1749 liquidem
766 1682 934 1735 debet
948 1682 1424 1734 Astronomicum
1437 1680 1705 1741 studium,
1722 1679 1920 1744 quoad
1933 1679 2430 1732 Obseruationum
2443 1678 2676 1738 Praxin,

469 1755 608 1807 huic
622 1754 865 1806 Illustris.
887 1754 1157 1817 Principi‚
1172 1751 1491 1817 praesertim
1505 1758 1796 1816 quantum
1809 1751 1885 1803 ad
1900 1751 2180 1803 Fixarum
2193 1750 2423 1802 sedulas
2438 1749 2677 1801 denota-

469 1830 658 1878 tiones
679 1825 731 1877 &
751 1826 1135 1877 restitutiones
1161 1827 1380 1884 attinet,
1408 1826 1471 1875 in
1497 1823 1711 1888 quibus
1738 1822 2081 1875 diuturnam
2102 1822 2154 1874 &
2174 1827 2512 1875 accuratam
2530 1836 2677 1886 prae-

470 1898 597 1949 stitit
618 1912 883 1961 operam;
904 1903 964 1948 vt
983 1896 1078 1948 vel
1097 1895 1211 1948 hoc
1231 1897 1474 1947 nomine
1495 1910 1532 1947 a
1551 1894 1676 1946 sera
1695 1894 2020 1959 posteritate
2040 1893 2349 1959 praedicari
2369 1893 2579 1958 dignus
2598 1891 2677 1944 fit.

543 1969 837 2032 Quamuis
857 1974 1058 2020 autem
1076 1973 1215 2019 tunc
1232 1966 1558 2031 Temporis,
1581 1966 1821 2030 quando
1842 1965 1972 2018 haec
1993 1965 2188 2018 Stellae
2209 1964 2434 2017 caelitus
2454 1962 2678 2025 effulfit,
2729 1980 2775 2016 20

472 2057 595 2093 non
615 2040 765 2092 adeo
788 2039 1096 2104 exquifitiS‚
1117 2044 1397 2102 tantaque
1418 2035 1772 2102 perfectione
1794 2036 2108 2089 elaboratis
2125 2036 2394 2089 vtebatur
2409 2035 2678 2101 OrganiS‚

473 2118 648 2176 atque
670 2127 742 2163 ea
760 2111 905 2172 sunt,
928 2126 1062 2175 quae
1083 2109 1236 2162 hisce
1250 2111 1534 2174 proximis
1548 2109 1741 2160 Annis
1757 2125 1829 2161 ex
1843 2108 2201 2160 indicatione
2217 2107 2518 2160 cuiusdam
2532 2121 2679 2172 prae-

472 2184 667 2235 stantis
691 2181 1101 2234 Mathematici
1120 2181 1289 2233 Pauli
1308 2179 1590 2245 Witichij,
1619 2183 1721 2244 qui
1747 2180 1939 2232 nostra
1965 2179 2062 2231 hic
2081 2179 2240 2240 vidit,
2270 2178 2562 2231 elaborari
2582 2193 2678 2230 cu·
2729 2182 2758 2225 t

474 2256 614 2306 rarit
641 2253 826 2318 (Nam
846 2256 908 2305 in
928 2252 1220 2305 veteribus
1241 2252 1372 2313 11115,
1400 2251 1700 2304 diuifionis
1720 2250 2116 2304 transuersalis
2136 2250 2418 2303 subtilitas
2437 2265 2562 2302 non
2581 2249 2680 2302 ad-

474 2325 799 2385 hibebatur,
827 2340 1021 2389 neque
1047 2340 1151 2389 per
1177 2323 1422 2376 rimulas
1448 2325 1629 2387 priori
1650 2323 1995 2375 Pinnaeidio
2021 2322 2339 2387 parallelas
2361 2321 2457 2374 sed
2479 2320 2682 2373 saltem
2731 2338 2778 2373 2⁵

474 2397 770 2449 foramina
779 2412 944 2448 more
957 2396 1175 2448 vetusto
1187 2395 1476 2459 nimisque
1487 2393 1713 2446 lubrico
1726 2394 2155 2447 collimationes
2166 2392 2409 2457 fiebant)
2421 2399 2683 2445 attamen

476 2484 547 2520 ea
557 2468 694 2533 ipsa,
708 2467 1146 2532 qualiacunque
1156 2466 1414 2527 tandem,
1427 2481 1563 2531 quae
1574 2472 1713 2518 tunc
1725 2468 1787 2517 in
1798 2472 2035 2531 promtu
2049 2465 2256 2518 habuit
2266 2465 2523 2530 Organa,
2539 2463 2682 2516 alio-

475 2556 608 2592 rum
622 2539 1112 2591 Astronomorum
1126 2537 1510 2590 Machinulas
1530 2537 1703 2603 longe
1718 2553 1755 2589 a
1768 2543 1929 2602 tergo
1944 2537 2324 2602 reliquerunt,
2338 2542 2536 2601 vtpote
2550 2535 2683 2587 Ma-

475 2614 637 2663 teriae
652 2610 934 2663 soliditate
949 2609 1317 2663 Orichalcica
1329 2609 1380 2661 &
1391 2607 1849 2661 Fabrefac‘tionis
1864 2608 2409 2674 compofitionisque
2421 2607 2683 2673 Symme-

475 2685 587 2734 tria
607 2684 899 2734 concinna
918 2679 1129 2733 rectius
1151 2681 1468 2742 elaborata,
1492 2680 1544 2731 81
1564 2680 1713 2732 alias
1734 2683 1911 2733 etiam
1933 2680 2008 2733 ob
2030 2680 2249 2741 causaS,
2269 2678 2683 2744 praecellentia.
2735 2694 2782 2730 30

550 2754 703 2818 Quae
724 2756 896 2818 igitur
917 2751 1100 2805 dictus
1115 2752 1358 2804 Illustris.
1375 2752 1649 2816 Princeps
1668 2751 1817 2803 mihi
1835 2767 1867 2803 e
1884 2752 1999 2804 suis
2016 2754 2079 2803 in
2096 2751 2209 2804 hac
2224 2750 2403 2804 Stella
2417 2749 2685 2802 obserua-

477 2828 564 2886 tis,
585 2825 835 2890 benigne
857 2826 1335 2885 communicauit‚
1356 2822 1454 2875 hic
1473 2823 1678 2875 ordine
1693 2830 1867 2888 prout
1880 2825 1944 2875 in
1959 2822 2195 2876 Chartis
2209 2821 2536 2875 transmissis
2550 2836 2686 2873 con-

478 2897 697 2962 [ignata
729 2902 910 2957 erant,
944 2895 1270 2956 recenseb0‚
1303 2894 1499 2960 postea
1529 2894 1669 2959 quid
1700 2911 1772 2947 ex
1801 2894 1915 2947 illis
1947 2895 2164 2956 induci,
2198 2892 2687 2959 comprobarique

480 2974 672 3033 queat,
696 2967 1075 3020 enodaturus,
1098 2962 1119 3035 ΙΙ

482 3121 1138 3176 OBSERUATIONES
1164 3121 1270 3172 AB
1304 3119 1757 3173 ILLUSTRISS.
1785 3121 2146 3174 PRINCIPE
2178 3120 2370 3172 MIHI
2402 3118 2686 3172 TRANS·
2718 3125 2802 3169 491

578 3194 854 3255 MISSAE,
883 3192 1199 3258 QUALES
1227 3192 1637 3245 CASSELLIS
1664 3191 1975 3245 HASSIAE
2003 3191 2336 3244 HABITAE
2361 3189 2591 3244 SUNT.

550 3275 704 3318 Anno
731 3274 994 3317 Salutiferi
1023 3275 1206 3316 Partus
1236 3273 1363 3324 1572,
1396 3272 1493 3315 Die
1518 3272 1546 3316 3
1574 3272 1886 3316 Decembris
1915 3275 2166 3316 monente
2195 3270 2430 3316 Eled'tore
2460 3271 2686 3321 Saxone,

480 3334 713 3389 primum
733 3334 841 3377 uidi
862 3334 902 3377 8ι
924 3332 1203 3377 obseruaui
1222 3332 1439 3375 Stellam
1462 3332 1673 3375 Nouam
1700 3332 1810 3387 ipsa
1828 3332 2035 3375 Venere
2061 3332 2323 3375 maiorem
2344 3332 2385 3374 81
2406 3329 2689 3375 clariorem

482 3393 534 3436 in
547 3393 825 3437 Asterismo
849 3393 1148 3447 Cassiopeae.
1172 3392 1259 3435 Sol
1272 3392 1533 3445 Tempore
1552 3391 1946 3435 Obseruationis
1964 3391 2131 3435 tenuit
2149 3391 2202 3434 21
2227 3391 2372 3446 grad.
2394 3390 2453 3433 30
2473 3389 2597 3432 111111.
2616 3389 2686 3443 β,

2550 3450 2689 3502 ficut
