2976 4264
474 297 579 348 248
978 290 1589 347 ASTRONOMIAE
1616 291 2183 346 INSTAURATAE

475 439 550 490 ad
570 434 886 489 vindictam
907 437 1131 486 excitat.
1155 433 1457 497 Siquidem
1477 435 1784 486 veritatem
1804 435 2059 495 asserere,
2080 434 2304 487 famam
2325 434 2377 486 8(
2398 435 2681 487 existima-

474 512 696 560 tionem
716 509 882 566 tueri,
904 505 1053 557 alios
1073 504 1229 557 hanc
1248 507 1662 569 impugnantes
1682 505 1981 570 repellere,
2007 506 2431 558 cordatioribus
2452 506 2504 558 8(
2524 507 2684 559 bona

476 579 824 631 conscientia
844 579 1014 636 nixis,
1036 575 1382 627 naturaliter
1401 575 1656 627 inditum
1677 577 1767 629 est.

537 650 699 713 Quae
720 655 920 700 autem
938 650 1001 698 in
1017 647 1130 698 istis
1151 647 1387 711 Scriptis
1408 648 1838 712 antagonisticis
1859 648 2457 712 comprehenduntur,
2479 648 2682 714 figilla-

474 724 578 773 tim
601 725 887 779 excutere,
909 725 1085 782 atque
1107 718 1178 769 de
1195 720 1267 783 ijs
1285 717 1591 770 censuram
1604 721 1996 784 interponere,
2017 719 2183 771 nolo:
2206 735 2342 771 cum
2357 720 2432 772 ad
2446 735 2589 781 rem,
2611 720 2682 772 de
2733 739 2754 774 5

474 807 593 856 qua
613 794 858 855 agimuS‚
874 789 1114 841 vlterius
1135 788 1624 851 confirmandam,
1646 789 2183 855 illustrandamque,
2204 798 2418 855 praeter
2439 806 2526 852 ea,
2548 806 2684 855 quae

473 867 595 915 iam
615 860 765 914 dicta
784 861 930 921 sunt,
951 876 1167 925 parum
1188 859 1507 912 conferant.
1537 861 1750 914 Extant
1770 861 2002 926 publice
2023 862 2194 923 edita,
2216 861 2494 927 inspiciat,
2515 862 2684 928 legat,

476 934 527 985 8(
548 934 839 999 dijudicet,
868 935 970 997 qui
989 932 1162 983 volet.
1191 932 1303 983 Res
1323 947 1427 996 per
1446 931 1502 983 se
1521 931 1655 984 satis
1680 933 1985 986 manifesta
2011 933 2102 995 est,
2129 949 2238 986 nec
2263 933 2463 985 multis
2489 933 2685 999 litigijs

474 1012 576 1057 aut
602 1003 1158 1056 contradictionibus
1187 1004 1427 1068 indiget:
1459 1004 1706 1056 Nouam
1730 1004 2000 1057 videlicet
2026 1005 2251 1056 caelitus
2275 1004 2516 1057 illuxisse
2543 1004 2684 1057 Stel-

474 1077 610 1137 lam,
645 1075 824 1128 aliam
858 1075 932 1127 ab
964 1075 1292 1135 vndecima,
1332 1078 1676 1140 caeterisque
1710 1076 1987 1128 omnibus
2021 1075 2357 1141 Cassiopeae,
2393 1092 2503 1128 nec
2534 1076 2684 1128 vllas
2739 1095 2781 1130 ιο

474 1147 831 1200 fumositates
857 1146 974 1198 huc
1002 1149 1308 1211 quippiam
1335 1146 1645 1208 contulisse‚
1676 1154 1778 1199 aut
1807 1147 1947 1199 huic
1974 1147 2340 1200 occasionem
2369 1147 2684 1212 praebuisse.

476 1219 833 1283 Quicunque
863 1218 1031 1270 aliter
1060 1220 1285 1282 opinati
1313 1217 1458 1278 sunt,
1488 1217 1678 1282 ipsum
1706 1219 1957 1280 Caelum,
1986 1218 2038 1270 8(
2065 1219 2548 1271 euidentissimam
2575 1219 2685 1270 Ex-

474 1293 838 1355 perientiam,
859 1292 1080 1341 iniuria
1099 1288 1439 1349 affecerunt,
1461 1296 1638 1354 atque
1658 1296 1906 1350 tantum,
1926 1290 2218 1355 supraque
2236 1290 2484 1342 modum
2501 1290 2684 1342 admi-

474 1363 729 1414 randum
750 1361 993 1412 Diuinae
1015 1360 1335 1412 Maiestatis
1358 1360 1679 1422 Ostentum,
1706 1361 1821 1414 hoc
1842 1362 2060 1414 Mundi
2081 1378 2234 1424 aeu0,
2261 1364 2564 1427 terrigenis
2589 1377 2684 1414 ex-

474 1434 741 1493 hibitum,
762 1435 942 1497 impie
964 1432 1016 1483 8(
1035 1432 1436 1484 inuerecunde
1458 1438 1868 1485 extenuarunt.
2739 1453 2781 1488 1⁵

543 1505 623 1556 At
637 1507 923 1569 quoniam
942 1503 1301 1555 fumofitates
1316 1503 1432 1555 istae
1448 1504 1882 1566 Raimundinae‚
1903 1507 2211 1557 veritatem
2224 1511 2347 1557 tam
2361 1505 2536 1557 crassa
2549 1504 2684 1556 cali-

474 1579 607 1641 gine
629 1575 929 1636 offuscare,
950 1575 1221 1640 ipsosque
1243 1574 1554 1627 oculorum
1573 1575 1767 1628 sensus
1783 1575 1836 1627 &
1851 1579 2064 1628 mentis
2084 1576 2370 1628 iudicium
2389 1575 2685 1641 plerisque

476 1662 787 1708 occaecare,
808 1646 1140 1708 valuerunt,
1161 1653 1221 1698 vt
1240 1645 1464 1699 rectum
1484 1663 1520 1699 a
1539 1646 1683 1699 falso
1703 1647 2026 1700 discernere
2047 1651 2402 1712 nequierint:
2431 1662 2685 1711 cumque

474 1719 592 1771 illae
607 1718 877 1770 nondum
890 1717 1241 1770 sufficienter
1254 1718 1503 1770 discussae
1518 1724 1695 1783 atque
1709 1718 1993 1780 refutatae,
2009 1721 2186 1771 nimis
2199 1722 2262 1771 in
2276 1718 2389 1771 hac
2404 1721 2686 1784 opinione

475 1788 736 1851 seductiS,
747 1789 932 1841 videri
944 1789 1091 1841 forte
1102 1792 1376 1854 poterint:
1392 1789 1608 1842 idcirco
1623 1797 1946 1855 antequam
1959 1790 2098 1843 huic
2113 1790 2491 1856 disquisitioni
2503 1789 2687 1841 finem
2736 1809 2783 1844 20

475 1865 799 1927 imponam,
825 1867 1038 1926 praeter
1057 1860 1326 1926 Phyficas
1346 1863 1605 1913 rationes
1624 1861 1889 1926 superius
1910 1877 1983 1914 ex
2002 1862 2125 1927 ipsa
2143 1878 2437 1927 vaporum
2455 1869 2686 1922 natura,

478 1933 637 1998 quod
656 1932 941 1994 videlicet,
963 1927 984 2000 ΙΙ
1004 1939 1271 1984 nontam
1291 1932 1406 1984 alte
1427 1932 1757 1994 ascendant,
1778 1949 1887 1985 nec
1907 1940 2030 1986 tam
2051 1934 2154 1986 diu
2174 1934 2400 1995 durent,
2422 1939 2525 1986 aut
2545 1932 2686 1985 Stel·
2719 1944 2805 1988 735

476 2005 598 2056 13111
623 2007 687 2055 111
711 2011 833 2056 tota
860 2003 1283 2055 conuolutione
1303 2003 1670 2056 vniformiter
1690 2007 2073 2057 concomitari
2093 2012 2329 2070 queant,
2357 2012 2687 2069 caeteraque

478 2075 728 2137 Prolata,
757 2075 970 2139 quibus
989 2075 1335 2139 subiungere
1361 2075 1570 2136 licebit,
1599 2075 1758 2140 quod
1777 2091 1882 2140 per
1900 2092 2153 2141 vapores
2175 2077 2522 2138 incrassatOS,
2549 2083 2609 2127 vt
2627 2081 2688 2127 vt

477 2147 653 2199 ficcos
674 2147 725 2198 8(
746 2146 1094 2211 (1130113303,
1120 2146 1325 2198 lumen
1345 2146 1540 2199 Stellae
1561 2147 1712 2199 adeo
1733 2148 1971 2199 radians
1993 2147 2045 2199 8(
2064 2148 2353 2213 fulgidum
2378 2153 2686 2213 perpetuo·
2736 2167 2782 2202 25

479 2234 594 2283 que
608 2218 708 2270 fibi
722 2217 904 2269 fimile
918 2217 1223 2269 transmitti
1236 2220 1544 2282 nequierit,
1566 2234 1675 2270 nec
1693 2217 2021 2271 scintillatio
2037 2226 2323 2284 perpetua
2338 2219 2538 2279 adesse,
2561 2221 2686 2283 qui-

480 2289 702 2341 escente
722 2289 1041 2353 praesertim
1059 2289 1257 2341 medio
1278 2289 1380 2340 illo
1400 2288 1645 2350 fumoso,
1668 2290 1828 2354 quod
1847 2290 2052 2342 lumen
2067 2290 2262 2343 Stellae
2282 2290 2454 2342 nobis
2474 2290 2687 2343 auxisse

478 2360 563 2412 illi
583 2360 914 2425 putabatur,
935 2360 1068 2412 licet
1089 2363 1249 2412 enim
1267 2363 1460 2412 maior
1479 2359 1617 2413 hinc
1632 2361 1812 2413 Stella
1828 2363 2193 2426 apparuisset:
2215 2363 2467 2414 Lumine
2486 2368 2688 2413 tamen

479 2430 786 2496 praefrac'to
808 2431 860 2483 8(
880 2431 1100 2491 obtus0‚
1121 2431 1473 2496 turbidoque
1493 2447 1618 2483 non
1638 2432 1975 2484 coruscante
1997 2433 2049 2484 &
2070 2433 2246 2493 claro,
2268 2433 2454 2485 oculis
2470 2432 2687 2484 [313111-

479 2503 760 2555 finuasset:
782 2503 823 2554 fi
844 2506 1004 2555 enim
1023 2502 1381 2555 fumositates
1401 2503 1518 2555 istae
1540 2503 1917 2556 denfiusculae
1937 2503 2191 2565 fuerunt,
2220 2520 2344 2556 non
2364 2503 2690 2556 admodum
2738 2522 2786 2558 30

479 2574 798 2639 perspicuae
820 2574 872 2625 &
894 2574 1258 2640 Crystallinae
1278 2574 1721 2639 transparentiae
1742 2576 1846 2627 esse
1866 2579 2141 2640 poterint:
2169 2577 2402 2637 Praeter,
2424 2579 2689 2640 inquam,

480 2646 590 2697 has
616 2652 792 2710 atque
819 2646 966 2698 alias
993 2648 1487 2706 ratiocinationes,
1511 2662 1542 2698 e
1562 2661 1856 2710 vaporum
1875 2647 2228 2699 terrestrium
2247 2650 2507 2713 genuina
2526 2646 2690 2699 habi-

479 2717 682 2769 tudine
713 2718 1106 2782 depromptaS,
1137 2733 1286 2782 quas
1316 2720 1514 2781 quiuis
1543 2733 1743 2770 rerum
1771 2719 2136 2770 naturalium
2164 2717 2450 2783 inspector
2476 2718 2528 2769 8(
2555 2733 2689 2770 con-

479 2788 806 2852 templator,
828 2804 952 2840 non
972 2788 1141 2840 facile
1162 2788 1414 2840 inficiari
1433 2791 1665 2853 poterit:
1687 2789 1925 2842 Addam
1945 2806 2105 2842 nunc
2126 2790 2178 2841 8(
2198 2790 2362 2851 31133,
2384 2792 2598 2854 partim
2618 2805 2692 2841 ex

483 2859 707 2924 Optica,
729 2863 943 2924 partim
958 2859 1321 2912 Geometriae
1342 2858 1575 2912 inuictis
1593 2860 2204 2913 Demonstrationibus
2219 2861 2532 2922 deriuataS,
2553 2876 2690 2925 quae
2739 2878 2786 2913 35

482 2930 714 2994 plenius
735 2931 1164 2983 Raimundinas
1184 2931 1602 2996 ineptitudines
1622 2931 1988 2996 patefacient.

555 3001 765 3066 Optica
782 3005 948 3063 ratio,
971 3018 1043 3053 ex
1058 3001 1496 3054 Refractionum
1515 3005 1869 3067 proprietate
1889 3003 2165 3068 procedit,
2187 3018 2323 3067 quae
2339 3002 2691 3055 eiuscemodi

484 3072 579 3123 est:
600 3072 713 3123 Vbi
734 3089 945 3137 corpus
966 3073 1209 3137 aliquod
1228 3073 1588 3125 luminosum
1607 3089 1712 3138 per
1732 3074 2103 3139 diaphanum
2123 3074 2369 3135 densius,
2392 3074 2566 3126 oculo
2585 3089 2690 3125 no-

482 3143 591 3194 stro
616 3150 791 3207 atque
812 3144 897 3196 illi
916 3145 1334 3209 interpositum,
1363 3144 1726 3209 conspicitur,
1754 3144 1996 3198 refracto
2023 3152 2321 3210 appareat,
2349 3146 2564 3197 necesse
2592 3144 2689 3196 est:

483 3214 751 3278 adeoque
772 3217 835 3265 in
855 3215 973 3267 alio
994 3216 1143 3277 loc0,
1164 3216 1464 3280 pauloque
1484 3215 1838 3277 sublimiore,
1860 3232 2042 3281 quam
2061 3218 2273 3268 reuera
2290 3216 2491 3268 existit:
2513 3216 2690 3280 idque
2739 3233 2787 3268 40

483 3284 616 3348 plus
635 3285 730 3336 vel
748 3289 963 3347 minuS,
984 3294 1158 3350 prout
1177 3290 1378 3339 vertici
1399 3290 1658 3351 capitum
1676 3291 1864 3353 magis
1884 3290 2337 3352 appropinquat,
2362 3294 2464 3340 aut
2483 3287 2556 3339 ab
2577 3286 2692 3339 hoc

484 3355 680 3407 versus
702 3355 1094 3409 Horizontem
1121 3358 1408 3410 decliuius
1435 3358 1773 3411 inclinatur:
1801 3362 1883 3412 ita
1901 3366 1961 3411 vt
1983 3362 2046 3411 in
2066 3359 2188 3424 ipso
2209 3359 2423 3411 Zenith
2442 3355 2693 3411 direc'tus

2588 3428 2690 3481 fiat
