2976 4264
476 325 567 376 314
980 321 1588 375 ASTRONOMIAE
1615 321 2180 376 INSTAURATAE

476 482 645 519 curas
673 465 987 516 hominum
1016 470 1258 524 menteS‚
1290 479 1410 527 quo
1440 466 1779 516 aeternitatis
1807 479 2102 516 memores
2130 464 2252 524 fint,
2282 479 2406 516 non
2431 464 2676 517 inficior.

476 537 587 589 Sed
613 545 879 599 tempora
906 535 1425 586 consummationis
1452 535 1669 586 Mundi
1698 534 1878 587 huius
1904 534 2264 600 aspectabilis
2288 535 2676 600 praedefinire,

475 623 609 672 quae
636 609 698 657 in
723 605 844 657 solo
874 605 1171 658 Creatoris
1197 604 1437 656 arbitrio
1465 605 1516 656 8(
1541 606 1816 669 potestate
1845 606 1993 668 sunt,
2022 607 2074 658 8(
2101 606 2174 659 ab
2201 608 2473 658 omnium
2500 606 2677 659 Crea-

473 684 755 738 turarum,
778 679 955 728 etiam
969 676 1352 741 Angelorum,
1374 676 1597 728 nedum
1610 676 1871 729 hominis
1885 677 2248 742 praescientia
2263 684 2551 742 exempta,
2572 680 2677 729 im-

473 748 724 814 possibile
746 747 1023 799 existim0.
2728 766 2750 801 5

545 819 723 883 Quod
748 818 789 870 fi
816 821 947 883 quis
973 818 1432 870 consentaneum
1459 818 1704 880 duxerit,
1733 819 1932 871 locum
1950 818 2168 881 Terrae,
2196 822 2291 872 cui
2311 819 2491 872 Stella
2509 822 2678 871 verti-

475 891 614 942 calis
631 892 828 951 extitit,
849 905 971 954 prae
988 892 1211 941 caeteris
1226 889 1449 954 aliquid
1465 892 1680 941 ominis
1694 889 1930 952 habere,
1953 891 2115 955 quafi
2128 891 2266 943 inde
2280 893 2679 943 mutationum

473 968 771 1014 tantarum
798 961 1020 1013 occafio
1047 967 1224 1025 atque
1250 958 1455 1013 audior
1481 959 1844 1026 expectanda
1869 962 1990 1023 fint,
2020 965 2224 1027 utique
2253 964 2513 1014 maxime
2544 977 2678 1014 con-

474 1035 722 1085 ueniens
750 1032 1086 1093 censebitur,
1114 1031 1216 1084 illa
1234 1031 1555 1084 Terrarum
1580 1032 1711 1084 loca
1735 1032 1963 1098 eligere,
1990 1036 2052 1085 in
2073 1049 2330 1098 quorum
2350 1033 2680 1085 Horizonte

475 1111 650 1169 atque
672 1103 1011 1155 Meridiano
1037 1103 1287 1168 idipsum
1313 1110 1577 1168 tempore
1602 1099 1982 1172 Noui-illunij‚
2011 1100 2206 1157 Stellae
2232 1108 2423 1170 primo
2451 1106 2680 1157 exortui
2711 1113 2800 1156 809

475 1175 869 1236 coincidentiS,
891 1177 1104 1226 euenit.
2522 1176 2524 1179 ’

547 1247 804 1311 Contigit
826 1252 1026 1297 autem
1046 1245 1449 1297 Nouilunium
1474 1245 1636 1307 illud,
1665 1246 1863 1311 quoad
1890 1246 2149 1298 nostrum
2177 1247 2416 1312 quidem
2436 1246 2678 1298 Meridi-

477 1334 661 1370 anum
690 1318 782 1369 die
813 1319 1018 1381 quinta
1047 1316 1407 1369 Nouembris
1437 1318 1517 1369 H.
1548 1319 1597 1370 7.
1629 1318 1715 1369 M.
1735 1315 1834 1384 {31}
1862 1334 1899 1370 a
1927 1318 2198 1379 Meridie,
2231 1318 2472 1383 quando
2502 1317 2679 1370 ambo

476 1390 821 1441 Luminaria
835 1391 1005 1454 juxta
1025 1388 1245 1440 nostras
1265 1391 1524 1440 rationes
1539 1388 1591 1440 8(
1605 1404 1886 1441 numeros
1901 1404 2024 1454 cap.
2041 1390 2078 1441 1.
2095 1389 2381 1454 expofitos
2394 1392 2458 1440 in
2472 1404 2680 1441 eorum

475 1467 642 1512 motu
668 1460 1175 1525 conjungebantur
1200 1462 1263 1511 in
1282 1460 1341 1511 P.
1363 1460 1447 1512 23.
1469 1460 1569 1514 27}
1585 1468 1662 1526 m.
1691 1461 1829 1512 Erat
1855 1463 2028 1525 igitur
2052 1467 2191 1513 tunc
2217 1459 2388 1512 nobis
2408 1460 2679 1512 Ascenfio
2737 1477 2779 1512 1⁵

477 1529 652 1583 Recta
679 1531 855 1596 medij
891 1531 1048 1584 Coeli
1076 1531 1196 1582 343.
1227 1531 1312 1584 58.
1348 1530 1550 1594 Quare
1583 1532 1853 1584 nondum
1882 1531 2061 1584 Stella
2089 1547 2249 1584 nova
2276 1531 2683 1584 Meridianum

477 1604 721 1655 assecuta
753 1609 892 1663 erat,
925 1602 1021 1654 sed
1050 1603 1122 1654 16.
1152 1602 1495 1667 AEquatoris
1527 1602 1827 1655 Gradibus
1855 1603 2054 1655 versus
2086 1610 2282 1655 ortum
2313 1602 2682 1655 mouebatur.

478 1673 783 1739 Oportebit
808 1676 980 1739 igitur
1007 1689 1140 1726 eam
1160 1673 1360 1725 Terrae
1380 1673 1637 1739 Plagam‚
1666 1690 1802 1739 quae
1823 1674 2064 1727 Stellam
2090 1674 2246 1727 hanc
2272 1677 2335 1726 in
2360 1674 2482 1740 ipso
2503 1674 2684 1726 Meri-

477 1746 656 1797 diano
684 1752 947 1810 tempore
978 1744 1290 1810 Nouilunij
1323 1744 1545 1806 habuit,
1576 1761 1613 1797 a
1641 1746 1812 1798 nobis
1840 1746 2083 1798 totidem
2112 1748 2380 1811 proxime
2410 1745 2685 1811 gradibus

476 1816 575 1869 seu
596 1816 757 1881 quafi
776 1818 954 1868 unica
979 1815 1130 1868 hora
1149 1816 1346 1868 versus
1367 1822 1562 1868 ortum
1587 1820 1905 1869 remoueri:
1934 1817 2210 1882 Cumque
2231 1816 2420 1869 noster
2439 1816 2681 1868 Meridi-
2730 1832 2779 1867 20

477 1903 628 1940 anus
654 1903 790 1939 meo
811 1888 1035 1953 judicio
1056 1888 1129 1940 ab
1151 1887 1358 1939 occasu
1378 1887 1683 1953 elongetur
1701 1888 1760 1939 P.
1782 1888 1852 1940 37
1870 1887 2070 1950 ferme,
2099 1890 2205 1940 erit
2230 1887 2534 1953 longitudo
2556 1889 2683 1952 ejus

476 1959 607 2020 loci,
633 1962 696 2010 in
717 1961 884 2024 cujus
905 1959 1245 2010 Meridiano
1266 1958 1444 2011 Stella
1464 1965 1603 2011 tunc
1624 1958 2000 2020 culminabat‚
2022 1959 2080 2011 P.
2102 1959 2188 2012 53.
2209 1961 2500 2024 proxime:
2529 1960 2624 2010 cui
2643 1958 2684 2010 fi

477 2030 934 2095 applicuerimus
953 2029 1324 2082 latitudinem
1338 2045 1575 2094 quoque
1589 2030 1708 2082 fiue
1723 2030 2051 2083 distantiam
2065 2030 2139 2083 ab
2153 2030 2479 2095 AEquatore
2494 2044 2683 2082 corre-

477 2101 858 2166 spondentem
879 2100 1073 2153 Stellae
1095 2101 1510 2163 Declinationi,
1539 2117 1674 2166 quae
1702 2107 1825 2154 erat
1844 2102 1903 2153 P.
1925 2102 2028 2163 613,
2055 2104 2136 2154 ita
2162 2108 2225 2153 ut
2250 2101 2415 2153 locus
2442 2103 2505 2153 in
2525 2099 2683 2154 Orbe

477 2172 676 2224 Terrae
697 2175 799 2237 qui
819 2172 1124 2237 respondet
1144 2171 1283 2224 huic
1303 2172 1624 2225 Latitudini
1643 2172 1702 2225 P.
1724 2173 1809 2225 62.
1830 2172 1951 2225 fere
1972 2173 2025 2225 &
2044 2172 2396 2238 longitudini
2415 2172 2474 2224 P.
2490 2172 2576 2225 53.
2598 2174 2683 2224 uti
2733 2189 2779 2223 2⁵

478 2243 615 2304 dixi,
628 2244 956 2305 assumatur‚
968 2246 1032 2295 in
1043 2243 1291 2296 Russiam
1302 2243 1421 2295 fiue
1433 2243 1848 2296 Moschouiam
1859 2247 2294 2309 perueniemuS,
2308 2243 2507 2309 quoad
2520 2243 2685 2296 istam

478 2314 795 2379 praesertim
808 2317 858 2380 ej
865 2331 934 2367 us
945 2314 1196 2380 plagam,
1207 2316 1327 2380 qua
1338 2330 1473 2366 cum
1482 2315 1707 2367 boreali
1719 2315 1772 2367 8(
1783 2322 1978 2367 ortum
1988 2315 2158 2367 fimul
2167 2315 2504 2380 respiciente
2513 2314 2684 2367 Find-

478 2385 696 2438 landiae
710 2392 873 2450 parte
889 2389 1020 2451 conj
1027 2389 1284 2451 ungitur:
1306 2386 1374 2438 In
1389 2401 1477 2447 e0‚
1494 2388 1757 2451 inquam,
1772 2385 1972 2439 Terrae
1986 2385 2172 2439 tractu
2185 2385 2365 2439 Stella
2377 2385 2508 2438 haec
2521 2401 2685 2438 noua

480 2460 633 2509 circa
656 2456 760 2509 sua
784 2460 976 2521 prima
1002 2458 1245 2509 exordia
1265 2460 1327 2509 in
1348 2457 1682 2509 Nouilunio
1701 2457 1892 2522 ipsum
1910 2457 2125 2510 Zenith
2151 2460 2410 2523 capitum
2436 2472 2683 2521 occupa·

478 2529 592 2589 bat,
620 2528 721 2580 ubi
741 2529 1126 2593 undiquaque
1147 2528 1221 2580 ab
1242 2528 1572 2581 Horizonte
1594 2529 1901 2594 aequaliter
1920 2535 2164 2590 remota,
2193 2528 2245 2580 8(
2269 2544 2374 2594 per
2400 2528 2686 2594 angulum
2734 2543 2781 2579 30

480 2598 701 2652 rec'tum
733 2600 990 2652 eundem
1022 2599 1266 2664 desuper
1297 2599 1606 2664 respiciens
1637 2603 1899 2653 maxime
1932 2600 2193 2653 sublimis
2227 2599 2484 2652 constitit.
2525 2598 2685 2663 Qua-

480 2677 715 2735 propter
734 2670 775 2722 fi
795 2670 890 2723 hic
911 2671 1106 2723 Stellae
1129 2671 1346 2736 pofitus
1366 2677 1430 2723 ut
1449 2687 1553 2736 per
1572 2671 1627 2723 se
1647 2671 1925 2724 fortissimi
1952 2671 2027 2724 est
2051 2670 2295 2732 roboriS,
2322 2671 2522 2723 locum
2541 2685 2685 2736 quo-

481 2757 595 2806 que
621 2741 820 2794 Terrae
850 2743 1104 2803 denotat,
1135 2743 1293 2795 unde
1323 2742 1498 2807 ipfius
1528 2742 1782 2795 Decreta
1810 2744 2160 2808 potissimum
2187 2742 2519 2808 prodibunt,
2548 2747 2685 2794 ante

480 2813 627 2865 alias
657 2829 864 2865 omnes
894 2814 1197 2879 Regiones,
1232 2830 1367 2878 quae
1396 2813 1595 2866 versus
1624 2814 1879 2866 Boream
1907 2814 2025 2866 fitae
2054 2814 2201 2875 sunt,
2235 2813 2594 2878 Stellamque
2623 2814 2687 2864 in

480 2884 851 2937 reuolutione
879 2886 1226 2950 quotidiana
1251 2885 1428 2937 semel
1453 2884 1687 2950 fingulis
1715 2885 1921 2938 diebus
1946 2888 2009 2937 in
2034 2885 2156 2950 ipso
2182 2884 2443 2937 verticali
2468 2882 2686 2949 punc’to
2735 2899 2781 2934 35

481 2955 831 3017 habuerunt,
853 2956 1205 3008 Moschouia
1222 2956 1506 3021 defignari
1518 2956 1764 3018 videtur,
1787 2972 1922 3021 quae
1942 2959 2005 3008 in
2023 2956 2127 3008 sua
2141 2954 2687 3021 Septentrionaliori

483 3025 534 3077 8(
562 3026 759 3078 versus
789 3033 983 3079 ortum
1012 3027 1114 3079 fita
1142 3034 1306 3092 parte
1335 3030 1398 3079 in
1430 3027 1552 3092 ipso
1589 3027 1919 3080 Novilunio
1955 3027 2150 3080 Stellae
2185 3022 2424 3095 pri-nmo
2457 3027 2686 3078 exortui
2717 3033 2806 3077 810

483 3105 836 3162 congruente
865 3098 1021 3150 hanc
1046 3098 1383 3150 verticalem
1414 3098 1521 3162 (uti
1547 3098 1826 3163 diximus)
1857 3099 2070 3163 adepta
2096 3098 2186 3150 est.
2217 3098 2317 3150 An
2347 3100 2518 3163 igitur
2545 3096 2684 3149 hinc
2733 3100 2762 3144 ·1·

481 3174 779 3220 tantarum
807 3169 1114 3221 turbarum
1141 3169 1193 3221 8(
1218 3172 1631 3231 mutationum,
1663 3186 1799 3234 quae
1828 3185 1932 3235 per
1961 3169 2075 3221 hoc
2101 3169 2355 3221 insolens
2383 3168 2685 3228 ostentum,

482 3240 895 3301 innuebantur‚
915 3243 1122 3305 primae
1138 3240 1468 3293 occasiones
1482 3240 1874 3304 pullulabunt,
1890 3247 2066 3305 atque
2079 3240 2447 3305 postmodum
2461 3242 2524 3291 in
2538 3238 2685 3291 alias
2734 3254 2782 3289 40

484 3309 699 3361 Mundi
720 3311 926 3375 Plagas
945 3311 1060 3363 late
1080 3313 1297 3377 magna
1318 3311 1369 3362 &
1390 3311 1669 3363 diuturna
1684 3315 1744 3363 vi
1764 3311 2297 3371 disseminabuntur,
2318 3310 2450 3376 alijs
2471 3324 2684 3374 expen-

483 3380 742 3432 dendum
757 3382 1263 3447 decidendumque
1278 3382 1565 3446 relinquo.
1583 3382 1756 3435 Certe
1770 3382 1975 3447 Gogus
1990 3382 2106 3443 ille,
2123 3385 2289 3434 cuius
2303 3383 2367 3433 in
2379 3379 2685 3432 Ezechiele

2496 3453 2683 3515 capite
