2976 4264
504 292 597 345 218
1006 290 1615 343 ASTRONOMIAE
1641 289 2207 343 INSTAURATAE

503 449 841 486 annuorum
862 432 1288 496 compilatores,
1311 434 1412 496 qui
1432 447 1626 496 neque
1646 431 1760 483 hoc
1774 447 1968 496 neque
1982 431 2127 483 illud
2142 432 2214 484 de
2228 431 2341 485 hac
2355 433 2534 486 Stella
2546 430 2702 503 pro-ss

501 506 878 556 nunciarunt:
900 503 994 555 sed
1014 503 1384 554 solummodo
1397 503 1530 555 suas
1544 503 1924 555 ariolationes
1938 503 2370 555 anniuersarias
2392 503 2593 568 (huius
2608 522 2701 558 oc·
2734 516 2820 559 705

501 575 744 634 cafione,
771 577 1063 634 vaticinia,
1090 573 1185 625 vel
1210 576 1404 638 potius
1427 574 1774 638 vaniloquia
1801 573 2078 638 quaedam
2103 575 2531 640 intertexendo)
2558 593 2700 629 aux-

500 652 684 706 erunt,
714 643 951 697 selectos
981 661 1053 697 ex
1081 647 1152 710 ijs
1181 644 1516 709 praesertim,
1547 647 1649 709 qui
1677 660 1800 709 prae
1831 647 2055 697 caeteris
2084 648 2509 710 opportuniora
2537 647 2703 712 loqui

497 717 870 781 putabantur,
891 722 1067 780 atque
1087 715 1188 767 sub
1203 718 1486 768 trutinam
1499 731 1728 777 vocare,
1749 722 1809 767 vt
1821 722 1882 767 vt
1894 718 2280 781 perexiguum
2292 716 2466 769 fuerit
2480 734 2701 783 operae-

497 789 765 852 pretium,
786 803 910 838 non
929 789 1326 839 intermittam.

567 858 636 909 Et
653 874 729 909 ne
748 858 966 910 diutius
980 873 1072 910 res
1086 856 1479 922 protrahatur,
1499 873 1535 910 a
1552 857 1756 910 Nobili
1771 857 1823 909 &
1837 858 2080 910 Erudito
2093 860 2222 910 viro
2238 858 2540 924 Cypriano
2555 860 2700 912 Leo-

495 931 657 989 uiti0‚
673 929 744 981 de
759 945 821 980 re
832 929 1255 990 Astronomica‚
1270 929 1589 993 praesertim
1604 945 1723 993 quo
1736 929 1812 981 ad
1824 929 2140 981 Calculum
2155 932 2298 990 eiuS,
2313 930 2461 982 alias
2475 930 2701 984 affatim

494 1000 644 1051 bene
669 1003 895 1061 merit0,
922 1000 1018 1052 sed
1038 1015 1197 1051 nunc
1222 1002 1286 1051 in
1311 999 1425 1052 hoc
1450 999 1681 1052 sublimi
1700 1003 1935 1065 negotio
1954 999 2157 1065 frigide
2179 1000 2232 1052 &
2251 1000 2556 1054 oscitanter
2575 1017 2701 1054 rem

493 1069 790 1132 traclante‚
812 1071 1267 1136 disquisitionem
1286 1071 1641 1136 propositam
1661 1071 2108 1136 auspicabimur.

620 1209 1242 1283 CYPRIANVS
1284 1209 1871 1284 LEOVITIVS
1911 1212 1987 1282 A
2025 1210 2578 1285 LEONICIA

1357 1317 1835 1378 BOHEMVS.

606 1415 971 1467 AGELLAS
997 1415 1069 1467 de
1095 1414 1208 1467 hac
1228 1414 1409 1467 Stella
1433 1414 1720 1480 pauculas
1747 1417 1810 1467 in
1831 1414 2027 1467 lucem
2047 1415 2244 1477 emisit,
2270 1422 2394 1468 tam
2413 1414 2699 1469 Doctrina

606 1502 788 1551 quam
804 1486 1040 1539 Genere
1055 1485 1288 1538 Nobilis
1303 1485 1356 1538 &
1371 1486 1585 1539 Clarus
1598 1489 1687 1538 vir
1702 1486 2038 1552 Cyprianus
2052 1486 2355 1539 Leouitius
2370 1502 2402 1539 e
2417 1488 2698 1540 Leonicia

492 1556 897 1609 Bohemorum
916 1557 1166 1610 Familia
1192 1558 1496 1619 oriundus,
1523 1573 1672 1622 quas
1697 1557 1799 1610 sub
1825 1557 1994 1610 titulo
2022 1557 2074 1609 &
2099 1565 2386 1623 praetextu
2410 1557 2696 1612 Obserua-

490 1631 721 1680 tionum
735 1628 1277 1681 Astronomicarum
1289 1629 1661 1694 Astrologicis
1674 1629 1876 1682 saltem
1890 1626 2238 1681 coniedturis
2251 1629 2521 1695 repleuit:
2537 1645 2696 1682 cum-

491 1715 606 1764 que
631 1715 735 1765 per
759 1700 815 1752 se
843 1703 1055 1766 exigua
1076 1700 1180 1753 illa
1201 1700 1323 1762 fint,
1349 1716 1681 1765 parumque
1700 1700 1863 1765 spatij
1887 1707 2190 1766 occupent,
2216 1698 2551 1754 subnec'tere
2571 1717 2695 1754 non

489 1770 719 1836 pigebit.

491 1889 1142 1943 OBSERUATIONES
1176 1889 1790 1943 ASTRONOMICAE
1825 1889 2364 1944 PERTINENTES
2398 1890 2515 1943 AD
2551 1891 2693 1944 NO-

519 1972 708 2024 UAM
734 1972 1103 2025 STELLAM
1129 1972 1307 2025 SIUE
1335 1972 1743 2025 COMETAM
1770 1973 2034 2026 NUPER
2060 1972 2338 2026 VISUM:
2367 1973 2664 2037 QUIBUS

658 2055 915 2109 BREUE
941 2055 1331 2108 IUDICIUM
1357 2055 2000 2109 ASTROLOGICUM
2027 2055 2136 2108 DE
2162 2056 2523 2109 EIUSDEM

902 2137 1680 2191 SIGNIFICATIONIBUS
1707 2138 2275 2192 SUBIUNGITUR.

559 2231 731 2274 Illuxit
756 2242 924 2285 nuper
949 2231 1109 2274 Stella
1135 2231 1306 2283 Noua,
1336 2231 1604 2286 splendida
1630 2242 1694 2275 ac
1721 2243 1932 2286 magna,
1961 2231 2135 2275 maior
2158 2233 2266 2276 ullo
2285 2233 2513 2285 Planeta,
2542 2233 2692 2277 cuius

488 2290 911 2334 constitutionem
930 2290 983 2333 in
1003 2291 1146 2334 Caelo
1168 2290 1251 2334 die
1273 2291 1346 2333 25.
1370 2290 1706 2343 Nouembris,
1735 2290 1776 2332 81
1802 2290 2002 2345 aliquot
2028 2291 2360 2345 sequentibus
2386 2292 2571 2336 diebus
2596 2304 2693 2347 per

488 2349 894 2393 Instrumentum
926 2350 1233 2393 examinare
1266 2349 1396 2404 cepi.
1431 2350 1544 2392 Fuit
1575 2349 1761 2393 diuersi
1794 2350 2008 2394 coloris:
2051 2350 2141 2393 sub
2174 2351 2337 2394 finem
2370 2351 2690 2396 Nouembris

487 2409 732 2463 apparuit
751 2410 932 2453 colore
950 2409 1095 2453 flauo
1117 2409 1157 2451 81
1179 2409 1462 2453 albicante:
1492 2409 1582 2452 sub
1609 2408 1814 2452 initium
1834 2409 2146 2453 Decembris
2166 2409 2351 2454 habuit
2370 2411 2586 2454 rutilum
2606 2422 2692 2455 co-

487 2469 672 2520 lorem,
695 2469 735 2511 8ι
757 2469 900 2522 quali
922 2468 1276 2524 sanguineum.
1298 2468 1478 2512 Postea
1493 2468 1637 2512 circa
1651 2468 1887 2512 medium
1902 2469 2214 2513 Decembris
2227 2469 2516 2513 mixturam
2531 2482 2692 2524 quan-

487 2528 613 2570 dam
635 2528 854 2580 admisit,
881 2531 939 2571 ut
965 2528 1031 2571 de
1054 2528 1259 2583 lingulis
1280 2527 1548 2571 coloribus
1567 2527 1665 2571 illis
1685 2527 2041 2582 participaret.
2071 2528 2208 2572 Hine
2228 2529 2533 2573 ratiocinari
2552 2529 2689 2582 licet,

486 2587 702 2630 Stellam
731 2587 876 2630 illam
904 2600 936 2630 a
962 2587 1142 2630 Sidere
1169 2587 1309 2631 Iouis
1336 2598 1400 2630 ac
1428 2586 1614 2630 Martis
1640 2587 1921 2631 accensam
1951 2587 2070 2631 esse:
2103 2599 2331 2642 quorum
2356 2589 2690 2632 Planetarum

483 2649 719 2700 uterque,
747 2646 982 2690 maxime
1006 2658 1137 2690 uero
1164 2646 1359 2701 Iupiter
1383 2658 1491 2690 non
1516 2647 1703 2701 procul
1730 2659 1763 2689 a
1788 2647 2238 2691 Dodecatemorio
2263 2647 2435 2699 Tauri,
2465 2648 2554 2692 sub
2583 2659 2689 2702 quo

486 2705 644 2748 Stella
663 2705 753 2748 illa
772 2705 948 2761 fulget,
972 2706 1130 2749 abest.
1160 2705 1459 2760 Occupauit
1478 2706 1620 2749 enirn
1641 2705 1800 2749 Stella
1820 2705 1976 2750 Noua
1996 2717 2122 2749 eum
2141 2707 2321 2751 locum
2342 2707 2483 2760 Caeli,
2513 2707 2602 2762 qui
2622 2707 2691 2750 ad

486 2765 572 2808 Gr.
595 2764 699 2822 8ἓό
719 2765 959 2817 refertur,
987 2765 1028 2807 81
1054 2765 1384 2808 latitudinem
1405 2765 1880 2820 septentrionalem
1901 2765 1968 2808 ab
1991 2765 2242 2820 Ecliptica
2262 2766 2463 2810 obtinet
2482 2766 2691 2810 circiter

485 2823 571 2867 Gr.
595 2824 666 2867 50.
699 2824 991 2879 Inciditque
1020 2825 1253 2879 Corpore
1283 2825 1373 2868 suo
1403 2823 1587 2868 exacste
1615 2824 1669 2867 in
1699 2824 1874 2868 sedern
1904 2824 2204 2879 Cassiopeae‚
2236 2837 2300 2869 ac
2331 2837 2452 2868 eam
2482 2828 2690 2880 partem

485 2883 615 2927 sedis
642 2884 820 2938 attigit,
849 2884 934 2927 cui
959 2884 1136 2939 podex
1156 2884 1440 2939 Cassiopeae
1465 2883 1713 2927 innititur.
1742 2884 1802 2926 Et
1829 2883 1951 2938 quia
1972 2884 2124 2927 Sidus
2145 2884 2428 2939 Cassiopeae
2454 2885 2689 2929 uicinum

483 2942 555 2985 est
581 2943 704 2986 Polo
733 2943 932 2995 Mundi,
964 2954 1028 2986 ac
1055 2946 1337 2998 propterea
1363 2943 1515 2987 nobis
1541 2946 1797 2998 perpetuo
1825 2946 2061 2997 apparet,
2092 2955 2190 2987 nec
2217 2956 2455 2998 unquam
2484 2944 2689 2988 ratione

483 3001 636 3044 Primi
657 3002 865 3045 Mobilis
891 3003 1203 3054 occultatur,
1231 3002 1420 3054 euenit,
1447 3005 1505 3045 ut
1525 3003 1685 3046 Stella
1710 3002 1798 3045 illa
1825 3013 2036 3057 quoque
2057 3002 2211 3057 supra
2232 3003 2580 3047 Horizontem
2600 3015 2691 3047 no-

484 3060 644 3103 strum
667 3061 870 3115 semper
895 3062 1122 3105 extiterit
1147 3062 1200 3104 in
1228 3062 1566 3116 formamque
1592 3061 1706 3116 gyri
1726 3061 2115 3105 circumuoluta
2135 3062 2209 3114 fit,
2236 3073 2300 3105 ac
2320 3062 2687 3106 Pomeridiano

481 3122 738 3174 tempore,
761 3132 884 3163 curn
905 3121 1012 3163 iam
1032 3120 1161 3176 radij
1179 3121 1389 3164 Solares
1411 3121 1735 3164 declinarent
1750 3121 1790 3163 81
1806 3120 2097 3164 obtusiores
2117 3121 2469 3173 efficerentur,
2491 3124 2688 3176 tempe-

482 3178 608 3221 stiue
638 3179 782 3222 cerni
809 3180 1053 3233 potuerit,
1083 3183 1212 3234 puta
1239 3180 1376 3223 intra
1405 3180 1598 3223 horam
1628 3180 1913 3223 secundam
1940 3180 1981 3223 81
2006 3180 2219 3223 tertiam
2247 3181 2362 3234 post
2392 3180 2684 3224 Meridiem.

483 3237 788 3291 Magnitudo
803 3242 1064 3292 praeterea
1076 3240 1117 3281 ἃ
1130 3239 1343 3282 claritas
1357 3239 1564 3294 insignis
1575 3239 1767 3291 Stellae,
1783 3238 2009 3293 denique
2019 3239 2273 3282 Distantia
2288 3239 2398 3283 eius
2411 3252 2442 3282 a
2455 3240 2685 3283 Zodiaco

481 3299 629 3339 tanta
649 3296 759 3349 fuit,
780 3300 839 3339 ut
857 3298 986 3353 radij
1010 3298 1204 3341 solares
1219 3310 1341 3341 eam
1355 3298 1568 3352 prorsus
1582 3298 1905 3353 supprimere
1918 3298 2263 3352 nequiuerint.
2288 3299 2496 3342 Motum
2511 3298 2686 3342 Stellae

482 3366 640 3409 quem
662 3356 841 3410 suapte
860 3360 1050 3400 natura
1069 3357 1305 3409 haberet,
1328 3358 1529 3400 nullum
1550 3357 1976 3400 animaduertere
1994 3357 2156 3411 potui.
2184 3357 2404 3401 Proinde
2425 3358 2614 3401 mansit
2632 3357 2686 3400 in

2559 3433 2683 3470 uno

2751 736 2774 770 5

2753 1089 2796 1125 10

2750 1576 2793 1611 15

2744 1712 2773 1755 ἦ·

2742 1991 2789 2027 20

2739 2360 2785 2394 25

2738 2950 2785 2986 35
