<?xml version="1.0" encoding="UTF-8"?>
<!DOCTYPE html PUBLIC "-//W3C//DTD XHTML 1.0 Transitional//EN"
    "http://www.w3.org/TR/xhtml1/DTD/xhtml1-transitional.dtd">
<html xmlns="http://www.w3.org/1999/xhtml" xml:lang="en" lang="en">
 <head>
  <title>
</title>
<meta http-equiv="Content-Type" content="text/html;charset=utf-8" />
  <meta name='ocr-system' content='tesseract 3.04.00' />
  <meta name='ocr-capabilities' content='ocr_page ocr_carea ocr_par ocr_line ocrx_word'/>
</head>
<body>
  <div class='ocr_page' id='page_1' title='image "./operaomniaedidit03brahuoft/operaomniaedidit03brahuoft_0044.png"; bbox 0 0 2976 4264; ppageno 0'>
   <div class='ocr_carea' id='block_1_1' title="bbox 452 307 2148 380">
    <p class='ocr_par' dir='ltr' id='par_1_1' title="bbox 452 307 2148 380">
     <span class='ocr_line' id='line_1_1' title="bbox 452 307 2148 380; baseline 0.002 -21"><span class='ocrx_word' id='word_1_1' title='bbox 452 308 520 359; x_wconf 88' lang='grc'><strong>32</strong></span> <span class='ocrx_word' id='word_1_2' title='bbox 951 307 1559 359; x_wconf 89' lang='lat' dir='ltr'><strong>ASTRONOMIAE</strong></span> <span class='ocrx_word' id='word_1_3' title='bbox 1585 308 2148 380; x_wconf 88' lang='lat' dir='ltr'><strong>INSTAURATAE</strong></span> 
     </span>
    </p>
   </div>
   <div class='ocr_carea' id='block_1_2' title="bbox 443 447 2767 3353">
    <p class='ocr_par' dir='ltr' id='par_1_2' title="bbox 453 447 2643 516">
     <span class='ocr_line' id='line_1_2' title="bbox 453 447 2643 516; baseline 0.001 -16"><span class='ocrx_word' id='word_1_4' title='bbox 453 448 470 515; x_wconf 84' lang='lat' dir='ltr'><em>l</em></span> <span class='ocrx_word' id='word_1_5' title='bbox 477 490 487 500; x_wconf 94' lang='lat'><strong>.</strong></span> <span class='ocrx_word' id='word_1_6' title='bbox 504 451 535 501; x_wconf 93' lang='lat'>7</span> <span class='ocrx_word' id='word_1_7' title='bbox 551 465 587 500; x_wconf 89' lang='lat' dir='ltr'><strong>a</strong></span> <span class='ocrx_word' id='word_1_8' title='bbox 602 448 852 500; x_wconf 87' lang='lat' dir='ltr'><strong>Meridie</strong></span> <span class='ocrx_word' id='word_1_9' title='bbox 867 447 1206 498; x_wconf 90' lang='lat' dir='ltr'><strong>adamussim</strong></span> <span class='ocrx_word' id='word_1_10' title='bbox 1220 448 1638 512; x_wconf 86' lang='lat' dir='ltr'><strong>praeterlapsas‚</strong></span> <span class='ocrx_word' id='word_1_11' title='bbox 1654 449 1791 501; x_wconf 92' lang='lat' dir='ltr'><strong>hinc</strong></span> <span class='ocrx_word' id='word_1_12' title='bbox 1806 466 1930 501; x_wconf 92' lang='lat' dir='ltr'><strong>non</strong></span> <span class='ocrx_word' id='word_1_13' title='bbox 1945 457 2122 502; x_wconf 92' lang='lat' dir='ltr'><strong>eruet.</strong></span> <span class='ocrx_word' id='word_1_14' title='bbox 2140 451 2252 503; x_wconf 89' lang='lat' dir='ltr'><strong>Sed</strong></span> <span class='ocrx_word' id='word_1_15' title='bbox 2266 453 2460 516; x_wconf 94' lang='lat' dir='ltr'><strong>potius</strong></span> <span class='ocrx_word' id='word_1_16' title='bbox 2475 451 2554 502; x_wconf 90' lang='lat' dir='ltr'><strong>H.</strong></span> <span class='ocrx_word' id='word_1_17' title='bbox 2570 451 2643 502; x_wconf 94' lang='grc'><strong>10.</strong></span> 
     </span>
    </p>

    <p class='ocr_par' dir='ltr' id='par_1_3' title="bbox 449 517 2718 868">
     <span class='ocr_line' id='line_1_3' title="bbox 453 517 2644 587; baseline 0.002 -17"><span class='ocrx_word' id='word_1_18' title='bbox 453 518 487 585; x_wconf 85' lang='lat' dir='ltr'><strong>l.</strong></span> <span class='ocrx_word' id='word_1_19' title='bbox 503 520 581 573; x_wconf 73' lang='lat' dir='ltr'><strong>9:¹s.</strong></span> <span class='ocrx_word' id='word_1_20' title='bbox 603 520 860 570; x_wconf 87' lang='lat' dir='ltr'><strong>Assumto</strong></span> <span class='ocrx_word' id='word_1_21' title='bbox 878 517 1144 569; x_wconf 91' lang='lat' dir='ltr'><strong>videlicet</strong></span> <span class='ocrx_word' id='word_1_22' title='bbox 1163 521 1391 569; x_wconf 89' lang='lat' dir='ltr'><strong>veriore</strong></span> <span class='ocrx_word' id='word_1_23' title='bbox 1411 518 1543 570; x_wconf 93' lang='lat' dir='ltr'><strong>loco</strong></span> <span class='ocrx_word' id='word_1_24' title='bbox 1558 519 1728 581; x_wconf 94' lang='lat' dir='ltr'><strong>Solis,</strong></span> <span class='ocrx_word' id='word_1_25' title='bbox 1750 524 1852 584; x_wconf 92' lang='lat' dir='ltr'><strong>qui</strong></span> <span class='ocrx_word' id='word_1_26' title='bbox 1871 527 2009 572; x_wconf 93' lang='lat' dir='ltr'><strong>tunc</strong></span> <span class='ocrx_word' id='word_1_27' title='bbox 2030 527 2154 573; x_wconf 90' lang='lat' dir='ltr'><strong>erat</strong></span> <span class='ocrx_word' id='word_1_28' title='bbox 2172 524 2235 573; x_wconf 90' lang='lat' dir='ltr'><strong>in</strong></span> <span class='ocrx_word' id='word_1_29' title='bbox 2249 521 2306 573; x_wconf 88' lang='lat' dir='ltr'><strong>P.</strong></span> <span class='ocrx_word' id='word_1_30' title='bbox 2322 522 2406 574; x_wconf 87' lang='lat'><strong>25.</strong></span> <span class='ocrx_word' id='word_1_31' title='bbox 2425 519 2460 587; x_wconf 84' lang='lat' dir='ltr'><strong>l.</strong></span> <span class='ocrx_word' id='word_1_32' title='bbox 2476 522 2544 574; x_wconf 85' lang='lat'><strong>37</strong></span> <span class='ocrx_word' id='word_1_33' title='bbox 2565 523 2644 582; x_wconf 49' lang='grc' dir='ltr'><strong>ὅ,</strong></span> 
     </span>
     <span class='ocr_line' id='line_1_4' title="bbox 450 586 2644 654; baseline 0.001 -13"><span class='ocrx_word' id='word_1_34' title='bbox 450 606 568 641; x_wconf 89' lang='lat' dir='ltr'><strong>vna</strong></span> <span class='ocrx_word' id='word_1_35' title='bbox 594 604 729 641; x_wconf 93' lang='lat' dir='ltr'><strong>cum</strong></span> <span class='ocrx_word' id='word_1_36' title='bbox 748 587 974 639; x_wconf 89' lang='lat' dir='ltr'><strong>Ascens.</strong></span> <span class='ocrx_word' id='word_1_37' title='bbox 997 588 1059 639; x_wconf 91' lang='lat' dir='ltr'><strong>R.</strong></span> <span class='ocrx_word' id='word_1_38' title='bbox 1081 588 1139 639; x_wconf 90' lang='lat' dir='ltr'><strong>P.</strong></span> <span class='ocrx_word' id='word_1_39' title='bbox 1161 588 1245 640; x_wconf 86' lang='lat'><strong>53.</strong></span> <span class='ocrx_word' id='word_1_40' title='bbox 1270 586 1305 654; x_wconf 86' lang='lat' dir='ltr'><strong>l.</strong></span> <span class='ocrx_word' id='word_1_41' title='bbox 1328 590 1401 650; x_wconf 92' lang='lat'><strong>17,</strong></span> <span class='ocrx_word' id='word_1_42' title='bbox 1430 589 1482 640; x_wconf 85' lang='lat'>&amp;</span> <span class='ocrx_word' id='word_1_43' title='bbox 1508 590 1801 654; x_wconf 90' lang='lat' dir='ltr'><strong>applicato</strong></span> <span class='ocrx_word' id='word_1_44' title='bbox 1822 591 2018 644; x_wconf 89' lang='lat' dir='ltr'><strong>Stellae</strong></span> <span class='ocrx_word' id='word_1_45' title='bbox 2044 592 2176 643; x_wconf 93' lang='lat' dir='ltr'><strong>loco</strong></span> <span class='ocrx_word' id='word_1_46' title='bbox 2203 607 2240 644; x_wconf 91' lang='lat' dir='ltr'><strong>a</strong></span> <span class='ocrx_word' id='word_1_47' title='bbox 2265 592 2435 643; x_wconf 94' lang='lat' dir='ltr'><strong>nobis</strong></span> <span class='ocrx_word' id='word_1_48' title='bbox 2454 591 2644 643; x_wconf 89' lang='lat' dir='ltr'><strong>verifi-</strong></span> 
     </span>
     <span class='ocr_line' id='line_1_5' title="bbox 451 656 2645 728; baseline 0.001 -16"><span class='ocrx_word' id='word_1_49' title='bbox 451 668 595 720; x_wconf 92' lang='lat' dir='ltr'><strong>cat0‚</strong></span> <span class='ocrx_word' id='word_1_50' title='bbox 625 662 687 710; x_wconf 94' lang='lat' dir='ltr'><strong>in</strong></span> <span class='ocrx_word' id='word_1_51' title='bbox 712 659 770 710; x_wconf 87' lang='lat' dir='ltr'><strong>P.</strong></span> <span class='ocrx_word' id='word_1_52' title='bbox 793 659 841 710; x_wconf 90' lang='lat'><strong>8.</strong></span> <span class='ocrx_word' id='word_1_53' title='bbox 866 656 900 723; x_wconf 89' lang='grc' dir='ltr'><strong>Ι.</strong></span> <span class='ocrx_word' id='word_1_54' title='bbox 923 658 987 711; x_wconf 55' lang='grc'>31</span> <span class='ocrx_word' id='word_1_55' title='bbox 1013 661 1090 719; x_wconf 54' lang='lat'><strong>8,</strong></span> <span class='ocrx_word' id='word_1_56' title='bbox 1122 674 1258 710; x_wconf 94' lang='lat' dir='ltr'><strong>cum</strong></span> <span class='ocrx_word' id='word_1_57' title='bbox 1285 659 1616 712; x_wconf 92' lang='lat' dir='ltr'><strong>Latitudine</strong></span> <span class='ocrx_word' id='word_1_58' title='bbox 1643 661 1701 712; x_wconf 91' lang='lat' dir='ltr'><strong>P.</strong></span> <span class='ocrx_word' id='word_1_59' title='bbox 1722 662 1808 714; x_wconf 90' lang='lat'><strong>48.</strong></span> <span class='ocrx_word' id='word_1_60' title='bbox 1833 660 1868 728; x_wconf 84' lang='lat' dir='ltr'><strong>l.</strong></span> <span class='ocrx_word' id='word_1_61' title='bbox 1889 662 1959 714; x_wconf 81' lang='lat'><strong>46</strong></span> <span class='ocrx_word' id='word_1_62' title='bbox 1980 663 2043 714; x_wconf 92' lang='lat' dir='ltr'><strong>B.</strong></span> <span class='ocrx_word' id='word_1_63' title='bbox 2074 662 2352 714; x_wconf 90' lang='lat' dir='ltr'><strong>Prouenit</strong></span> <span class='ocrx_word' id='word_1_64' title='bbox 2379 665 2538 714; x_wconf 89' lang='lat' dir='ltr'><strong>enim</strong></span> <span class='ocrx_word' id='word_1_65' title='bbox 2563 662 2645 714; x_wconf 92' lang='lat' dir='ltr'><strong>di-</strong></span> 
     </span>
     <span class='ocr_line' id='line_1_6' title="bbox 449 729 2718 799; baseline 0.001 -17"><span class='ocrx_word' id='word_1_66' title='bbox 449 731 652 782; x_wconf 85' lang='lat' dir='ltr'><strong>stantia</strong></span> <span class='ocrx_word' id='word_1_67' title='bbox 678 729 871 781; x_wconf 86' lang='lat' dir='ltr'><strong>Stellae</strong></span> <span class='ocrx_word' id='word_1_68' title='bbox 899 744 936 780; x_wconf 90' lang='lat' dir='ltr'><strong>a</strong></span> <span class='ocrx_word' id='word_1_69' title='bbox 961 729 1173 781; x_wconf 94' lang='lat' dir='ltr'><strong>Merid.</strong></span> <span class='ocrx_word' id='word_1_70' title='bbox 1200 732 1263 781; x_wconf 92' lang='lat' dir='ltr'><strong>in</strong></span> <span class='ocrx_word' id='word_1_71' title='bbox 1288 730 1563 795; x_wconf 90' lang='lat' dir='ltr'><strong>gradibus</strong></span> <span class='ocrx_word' id='word_1_72' title='bbox 1588 731 1931 797; x_wconf 92' lang='lat' dir='ltr'><strong>AEquatoris</strong></span> <span class='ocrx_word' id='word_1_73' title='bbox 1957 733 2015 785; x_wconf 93' lang='lat' dir='ltr'><strong>P.</strong></span> <span class='ocrx_word' id='word_1_74' title='bbox 2037 734 2146 786; x_wconf 89' lang='lat'><strong>197.</strong></span> <span class='ocrx_word' id='word_1_75' title='bbox 2176 731 2212 799; x_wconf 88' lang='grc' dir='ltr'><strong>Ι.</strong></span> <span class='ocrx_word' id='word_1_76' title='bbox 2235 733 2321 785; x_wconf 85' lang='grc'><strong>39.</strong></span> <span class='ocrx_word' id='word_1_77' title='bbox 2349 732 2580 796; x_wconf 90' lang='lat' dir='ltr'><strong>Quibus</strong></span> <span class='ocrx_word' id='word_1_78' title='bbox 2606 733 2647 784; x_wconf 88' lang='lat' dir='ltr'>fi</span> <span class='ocrx_word' id='word_1_79' title='bbox 2696 751 2718 784; x_wconf 89' lang='lat'>5</span> 
     </span>
     <span class='ocr_line' id='line_1_7' title="bbox 450 799 2645 868; baseline 0.001 -15"><span class='ocrx_word' id='word_1_80' title='bbox 450 801 697 853; x_wconf 87' lang='lat' dir='ltr'><strong>addatur</strong></span> <span class='ocrx_word' id='word_1_81' title='bbox 732 802 857 851; x_wconf 92' lang='lat' dir='ltr'><strong>eius</strong></span> <span class='ocrx_word' id='word_1_82' title='bbox 883 799 1010 851; x_wconf 85' lang='lat' dir='ltr'><strong>Asc.</strong></span> <span class='ocrx_word' id='word_1_83' title='bbox 1039 800 1101 851; x_wconf 91' lang='lat' dir='ltr'><strong>R.</strong></span> <span class='ocrx_word' id='word_1_84' title='bbox 1135 800 1193 852; x_wconf 89' lang='lat' dir='ltr'><strong>P.</strong></span> <span class='ocrx_word' id='word_1_85' title='bbox 1221 801 1270 853; x_wconf 90' lang='lat'><strong>7.</strong></span> <span class='ocrx_word' id='word_1_86' title='bbox 1300 799 1335 866; x_wconf 87' lang='lat' dir='ltr'><strong>l.</strong></span> <span class='ocrx_word' id='word_1_87' title='bbox 1362 802 1478 862; x_wconf 49' lang='lat'><strong>5623</strong></span> <span class='ocrx_word' id='word_1_88' title='bbox 1516 806 1889 868; x_wconf 87' lang='lat' dir='ltr'>componitur</span> <span class='ocrx_word' id='word_1_89' title='bbox 1916 804 2044 856; x_wconf 92' lang='lat' dir='ltr'><strong>Asc.</strong></span> <span class='ocrx_word' id='word_1_90' title='bbox 2075 802 2226 856; x_wconf 68' lang='lat' dir='ltr'><strong>Reet.</strong></span> <span class='ocrx_word' id='word_1_91' title='bbox 2264 803 2405 856; x_wconf 93' lang='lat' dir='ltr'><strong>MC.</strong></span> <span class='ocrx_word' id='word_1_92' title='bbox 2436 804 2494 855; x_wconf 90' lang='lat' dir='ltr'><strong>P.</strong></span> <span class='ocrx_word' id='word_1_93' title='bbox 2524 804 2645 856; x_wconf 88' lang='grc'><strong>205.</strong></span> 
     </span>
    </p>

    <p class='ocr_par' dir='ltr' id='par_1_4' title="bbox 446 869 2743 1654">
     <span class='ocr_line' id='line_1_8' title="bbox 451 869 2649 939; baseline 0.001 -16"><span class='ocrx_word' id='word_1_94' title='bbox 451 870 486 936; x_wconf 88' lang='grc' dir='ltr'><strong>Ι.</strong></span> <span class='ocrx_word' id='word_1_95' title='bbox 508 871 621 924; x_wconf 53' lang='grc'>351.</span> <span class='ocrx_word' id='word_1_96' title='bbox 637 870 810 933; x_wconf 46' lang='lat' dir='ltr'><strong>‚Hinc</strong></span> <span class='ocrx_word' id='word_1_97' title='bbox 835 869 876 921; x_wconf 87' lang='lat' dir='ltr'>fi</span> <span class='ocrx_word' id='word_1_98' title='bbox 901 870 1201 922; x_wconf 86' lang='lat' dir='ltr'><strong>auferatur</strong></span> <span class='ocrx_word' id='word_1_99' title='bbox 1226 871 1454 924; x_wconf 88' lang='lat' dir='ltr'><strong>Ascens.</strong></span> <span class='ocrx_word' id='word_1_100' title='bbox 1483 873 1545 925; x_wconf 90' lang='lat' dir='ltr'><strong>R.</strong></span> <span class='ocrx_word' id='word_1_101' title='bbox 1575 873 1743 936; x_wconf 87' lang='lat' dir='ltr'><strong>Solis,</strong></span> <span class='ocrx_word' id='word_1_102' title='bbox 1771 875 2005 927; x_wconf 90' lang='lat' dir='ltr'><strong>resultat</strong></span> <span class='ocrx_word' id='word_1_103' title='bbox 2030 875 2222 927; x_wconf 91' lang='lat' dir='ltr'><strong>Arcus</strong></span> <span class='ocrx_word' id='word_1_104' title='bbox 2244 874 2586 939; x_wconf 92' lang='lat' dir='ltr'><strong>AEquatoris</strong></span> <span class='ocrx_word' id='word_1_105' title='bbox 2612 876 2649 925; x_wconf 77' lang='lat' dir='ltr'><strong>a</strong></span> 
     </span>
     <span class='ocr_line' id='line_1_9' title="bbox 450 939 2646 1012; baseline 0.002 -20"><span class='ocrx_word' id='word_1_106' title='bbox 450 941 701 993; x_wconf 89' lang='lat' dir='ltr'><strong>Meridie</strong></span> <span class='ocrx_word' id='word_1_107' title='bbox 723 940 949 1005; x_wconf 91' lang='lat' dir='ltr'><strong>elapsus</strong></span> <span class='ocrx_word' id='word_1_108' title='bbox 969 941 1028 993; x_wconf 88' lang='lat' dir='ltr'><strong>P.</strong></span> <span class='ocrx_word' id='word_1_109' title='bbox 1050 942 1158 994; x_wconf 87' lang='lat'><strong>152.</strong></span> <span class='ocrx_word' id='word_1_110' title='bbox 1182 939 1200 1007; x_wconf 88' lang='grc' dir='ltr'><em>Ι</em></span> <span class='ocrx_word' id='word_1_111' title='bbox 1207 983 1217 994; x_wconf 93' lang='grc'><strong>.</strong></span> <span class='ocrx_word' id='word_1_112' title='bbox 1240 942 1342 996; x_wconf 55' lang='grc'>181.</span> <span class='ocrx_word' id='word_1_113' title='bbox 1373 943 1490 995; x_wconf 95' lang='lat' dir='ltr'><strong>Cui</strong></span> <span class='ocrx_word' id='word_1_114' title='bbox 1509 944 1858 1009; x_wconf 90' lang='lat' dir='ltr'><strong>respondent</strong></span> <span class='ocrx_word' id='word_1_115' title='bbox 1878 946 2028 998; x_wconf 91' lang='lat' dir='ltr'><strong>Hor.</strong></span> <span class='ocrx_word' id='word_1_116' title='bbox 2050 947 2122 998; x_wconf 95' lang='lat'><strong>10.</strong></span> <span class='ocrx_word' id='word_1_117' title='bbox 2147 943 2182 1012; x_wconf 86' lang='lat' dir='ltr'><strong>l.</strong></span> <span class='ocrx_word' id='word_1_118' title='bbox 2204 946 2283 1007; x_wconf 62' lang='grc'>91,</span> <span class='ocrx_word' id='word_1_119' title='bbox 2311 951 2485 1010; x_wconf 91' lang='lat' dir='ltr'><strong>prout</strong></span> <span class='ocrx_word' id='word_1_120' title='bbox 2504 945 2646 997; x_wconf 86' lang='lat' dir='ltr'><strong>dixi-</strong></span> 
     </span>
     <span class='ocr_line' id='line_1_10' title="bbox 448 1012 2647 1078; baseline 0.003 -16"><span class='ocrx_word' id='word_1_121' title='bbox 448 1028 595 1063; x_wconf 79' lang='lat' dir='ltr'><strong>mus,</strong></span> <span class='ocrx_word' id='word_1_122' title='bbox 624 1012 862 1063; x_wconf 87' lang='lat' dir='ltr'><strong>Excedit</strong></span> <span class='ocrx_word' id='word_1_123' title='bbox 887 1014 1085 1076; x_wconf 91' lang='lat' dir='ltr'><strong>itaque</strong></span> <span class='ocrx_word' id='word_1_124' title='bbox 1106 1012 1366 1078; x_wconf 90' lang='lat' dir='ltr'><strong>Tempus</strong></span> <span class='ocrx_word' id='word_1_125' title='bbox 1386 1030 1595 1067; x_wconf 89' lang='lat' dir='ltr'><strong>verum</strong></span> <span class='ocrx_word' id='word_1_126' title='bbox 1622 1032 1694 1068; x_wconf 87' lang='lat' dir='ltr'><strong>ex</strong></span> <span class='ocrx_word' id='word_1_127' title='bbox 1720 1016 1857 1069; x_wconf 90' lang='lat' dir='ltr'><strong>data</strong></span> <span class='ocrx_word' id='word_1_128' title='bbox 1877 1017 2072 1070; x_wconf 87' lang='lat' dir='ltr'><strong>Stellae</strong></span> <span class='ocrx_word' id='word_1_129' title='bbox 2093 1017 2419 1069; x_wconf 89' lang='lat' dir='ltr'><strong>Altitudine</strong></span> <span class='ocrx_word' id='word_1_130' title='bbox 2443 1016 2647 1069; x_wconf 90' lang='lat' dir='ltr'><strong>collec-</strong></span> 
     </span>
     <span class='ocr_line' id='line_1_11' title="bbox 447 1082 2743 1152; baseline 0.003 -19"><span class='ocrx_word' id='word_1_131' title='bbox 447 1090 588 1143; x_wconf 91' lang='lat' dir='ltr'><strong>tum,</strong></span> <span class='ocrx_word' id='word_1_132' title='bbox 610 1082 783 1146; x_wconf 90' lang='lat' dir='ltr'><strong>ipfius</strong></span> <span class='ocrx_word' id='word_1_133' title='bbox 804 1086 1252 1136; x_wconf 90' lang='lat' dir='ltr'><strong>annotationem</strong></span> <span class='ocrx_word' id='word_1_134' title='bbox 1273 1085 1504 1137; x_wconf 94' lang='lat' dir='ltr'><strong>duobus</strong></span> <span class='ocrx_word' id='word_1_135' title='bbox 1524 1090 1766 1139; x_wconf 91' lang='lat' dir='ltr'><strong>minutis</strong></span> <span class='ocrx_word' id='word_1_136' title='bbox 1787 1104 1924 1140; x_wconf 94' lang='lat' dir='ltr'><strong>cum</strong></span> <span class='ocrx_word' id='word_1_137' title='bbox 1936 1104 2056 1140; x_wconf 90' lang='lat' dir='ltr'><strong>vna</strong></span> <span class='ocrx_word' id='word_1_138' title='bbox 2070 1094 2296 1152; x_wconf 90' lang='lat' dir='ltr'><strong>quarta.</strong></span> <span class='ocrx_word' id='word_1_139' title='bbox 2319 1087 2497 1151; x_wconf 90' lang='lat' dir='ltr'><strong>Quod</strong></span> <span class='ocrx_word' id='word_1_140' title='bbox 2517 1087 2649 1139; x_wconf 93' lang='lat' dir='ltr'><strong>licet</strong></span> <span class='ocrx_word' id='word_1_141' title='bbox 2702 1105 2743 1139; x_wconf 90' lang='lat'><strong>10</strong></span> 
     </span>
     <span class='ocr_line' id='line_1_12' title="bbox 449 1154 2647 1224; baseline 0.003 -20"><span class='ocrx_word' id='word_1_142' title='bbox 449 1156 727 1218; x_wconf 86' lang='lat' dir='ltr'><strong>exiguum</strong></span> <span class='ocrx_word' id='word_1_143' title='bbox 752 1154 1035 1215; x_wconf 91' lang='lat' dir='ltr'><strong>videatur,</strong></span> <span class='ocrx_word' id='word_1_144' title='bbox 1063 1155 1368 1220; x_wconf 89' lang='lat' dir='ltr'><strong>Angulum</strong></span> <span class='ocrx_word' id='word_1_145' title='bbox 1396 1163 1597 1209; x_wconf 91' lang='lat' dir='ltr'><strong>tamen</strong></span> <span class='ocrx_word' id='word_1_146' title='bbox 1625 1160 1790 1211; x_wconf 84' lang='lat' dir='ltr'><strong>iuxta</strong></span> <span class='ocrx_word' id='word_1_147' title='bbox 1816 1159 1896 1220; x_wconf 93' lang='lat' dir='ltr'><strong>H,</strong></span> <span class='ocrx_word' id='word_1_148' title='bbox 1927 1159 2467 1224; x_wconf 90' lang='lat' dir='ltr'><strong>quomodocunque</strong></span> <span class='ocrx_word' id='word_1_149' title='bbox 2492 1158 2647 1210; x_wconf 92' lang='lat' dir='ltr'><strong>vsur—</strong></span> 
     </span>
     <span class='ocr_line' id='line_1_13' title="bbox 447 1224 2647 1294; baseline 0.002 -18"><span class='ocrx_word' id='word_1_150' title='bbox 447 1231 651 1289; x_wconf 93' lang='lat' dir='ltr'><strong>patum</strong></span> <span class='ocrx_word' id='word_1_151' title='bbox 675 1224 745 1276; x_wconf 85' lang='lat'><strong>34</strong></span> <span class='ocrx_word' id='word_1_152' title='bbox 770 1228 912 1277; x_wconf 93' lang='lat' dir='ltr'><strong>min.</strong></span> <span class='ocrx_word' id='word_1_153' title='bbox 934 1225 1284 1290; x_wconf 90' lang='lat' dir='ltr'><strong>ampliorem</strong></span> <span class='ocrx_word' id='word_1_154' title='bbox 1308 1227 1509 1280; x_wconf 91' lang='lat' dir='ltr'><strong>reddit.</strong></span> <span class='ocrx_word' id='word_1_155' title='bbox 1538 1229 1795 1294; x_wconf 92' lang='lat' dir='ltr'><strong>Ideoque</strong></span> <span class='ocrx_word' id='word_1_156' title='bbox 1817 1230 2345 1283; x_wconf 82' lang='lat' dir='ltr'><strong>Demonstrationis</strong></span> <span class='ocrx_word' id='word_1_157' title='bbox 2364 1227 2647 1282; x_wconf 70' lang='lat' dir='ltr'><strong>indudtio-</strong></span> 
     </span>
     <span class='ocr_line' id='line_1_14' title="bbox 448 1295 2648 1366; baseline 0.003 -20"><span class='ocrx_word' id='word_1_158' title='bbox 448 1311 586 1347; x_wconf 93' lang='lat' dir='ltr'><strong>nem</strong></span> <span class='ocrx_word' id='word_1_159' title='bbox 611 1295 886 1347; x_wconf 93' lang='lat' dir='ltr'><strong>nonnihil</strong></span> <span class='ocrx_word' id='word_1_160' title='bbox 910 1296 1271 1358; x_wconf 88' lang='lat' dir='ltr'><strong>interturbat,</strong></span> <span class='ocrx_word' id='word_1_161' title='bbox 1298 1301 1380 1350; x_wconf 89' lang='lat' dir='ltr'><strong>ita</strong></span> <span class='ocrx_word' id='word_1_162' title='bbox 1405 1305 1466 1350; x_wconf 90' lang='lat' dir='ltr'><strong>vt</strong></span> <span class='ocrx_word' id='word_1_163' title='bbox 1492 1303 1696 1352; x_wconf 91' lang='lat' dir='ltr'><strong>omnia</strong></span> <span class='ocrx_word' id='word_1_164' title='bbox 1720 1317 1845 1353; x_wconf 94' lang='lat' dir='ltr'><strong>non</strong></span> <span class='ocrx_word' id='word_1_165' title='bbox 1870 1304 1951 1354; x_wconf 92' lang='lat' dir='ltr'><strong>ita</strong></span> <span class='ocrx_word' id='word_1_166' title='bbox 1978 1301 2332 1362; x_wconf 85' lang='lat' dir='ltr'><strong>cohaereant,</strong></span> <span class='ocrx_word' id='word_1_167' title='bbox 2362 1307 2536 1366; x_wconf 92' lang='lat' dir='ltr'><strong>prout</strong></span> <span class='ocrx_word' id='word_1_168' title='bbox 2563 1303 2648 1352; x_wconf 95' lang='lat' dir='ltr'><strong>in-</strong></span> 
     </span>
     <span class='ocr_line' id='line_1_15' title="bbox 447 1366 2647 1437; baseline 0.003 -20"><span class='ocrx_word' id='word_1_169' title='bbox 447 1366 734 1418; x_wconf 90' lang='lat' dir='ltr'><strong>tendebat.</strong></span> <span class='ocrx_word' id='word_1_170' title='bbox 757 1366 920 1430; x_wconf 90' lang='lat' dir='ltr'><strong>Quin</strong></span> <span class='ocrx_word' id='word_1_171' title='bbox 932 1368 984 1419; x_wconf 71' lang='grc'><strong>8(</strong></span> <span class='ocrx_word' id='word_1_172' title='bbox 995 1368 1175 1420; x_wconf 90' lang='lat' dir='ltr'><strong>Stella</strong></span> <span class='ocrx_word' id='word_1_173' title='bbox 1188 1368 1318 1421; x_wconf 89' lang='lat' dir='ltr'><strong>haec</strong></span> <span class='ocrx_word' id='word_1_174' title='bbox 1333 1370 1669 1435; x_wconf 88' lang='lat' dir='ltr'><strong>Cassiopeae‚</strong></span> <span class='ocrx_word' id='word_1_175' title='bbox 1685 1387 1789 1436; x_wconf 92' lang='lat' dir='ltr'><strong>per</strong></span> <span class='ocrx_word' id='word_1_176' title='bbox 1803 1388 1984 1437; x_wconf 88' lang='lat' dir='ltr'><strong>quam</strong></span> <span class='ocrx_word' id='word_1_177' title='bbox 1997 1372 2259 1437; x_wconf 91' lang='lat' dir='ltr'><strong>Tempus</strong></span> <span class='ocrx_word' id='word_1_178' title='bbox 2271 1371 2647 1432; x_wconf 87' lang='lat' dir='ltr'><strong>scrutabatur,</strong></span> 
     </span>
     <span class='ocr_line' id='line_1_16' title="bbox 448 1437 2742 1507; baseline 0.003 -19"><span class='ocrx_word' id='word_1_179' title='bbox 448 1453 570 1489; x_wconf 92' lang='lat' dir='ltr'><strong>non</strong></span> <span class='ocrx_word' id='word_1_180' title='bbox 596 1437 768 1502; x_wconf 90' lang='lat' dir='ltr'><strong>longe</strong></span> <span class='ocrx_word' id='word_1_181' title='bbox 789 1453 826 1489; x_wconf 90' lang='lat' dir='ltr'><strong>a</strong></span> <span class='ocrx_word' id='word_1_182' title='bbox 846 1438 1185 1491; x_wconf 93' lang='lat' dir='ltr'><strong>Meridiano</strong></span> <span class='ocrx_word' id='word_1_183' title='bbox 1204 1446 1401 1505; x_wconf 89' lang='lat' dir='ltr'><strong>vtpote</strong></span> <span class='ocrx_word' id='word_1_184' title='bbox 1428 1442 1484 1494; x_wconf 93' lang='lat'><strong>17</strong></span> <span class='ocrx_word' id='word_1_185' title='bbox 1510 1442 1712 1494; x_wconf 92' lang='lat' dir='ltr'><strong>saltem</strong></span> <span class='ocrx_word' id='word_1_186' title='bbox 1737 1444 1999 1507; x_wconf 89' lang='lat' dir='ltr'><strong>partibus</strong></span> <span class='ocrx_word' id='word_1_187' title='bbox 2023 1444 2461 1503; x_wconf 88' lang='lat' dir='ltr'><strong>remouebatur;</strong></span> <span class='ocrx_word' id='word_1_188' title='bbox 2489 1443 2646 1495; x_wconf 94' lang='lat' dir='ltr'><strong>ideo·</strong></span> <span class='ocrx_word' id='word_1_189' title='bbox 2701 1460 2742 1494; x_wconf 88' lang='lat'><strong>15</strong></span> 
     </span>
     <span class='ocr_line' id='line_1_17' title="bbox 448 1508 2648 1580; baseline 0.003 -21"><span class='ocrx_word' id='word_1_190' title='bbox 448 1524 562 1572; x_wconf 93' lang='lat' dir='ltr'><strong>que</strong></span> <span class='ocrx_word' id='word_1_191' title='bbox 575 1508 966 1561; x_wconf 90' lang='lat' dir='ltr'><strong>Altitudinem</strong></span> <span class='ocrx_word' id='word_1_192' title='bbox 984 1513 1161 1562; x_wconf 92' lang='lat' dir='ltr'><strong>nimis</strong></span> <span class='ocrx_word' id='word_1_193' title='bbox 1181 1511 1344 1563; x_wconf 91' lang='lat' dir='ltr'><strong>tarde</strong></span> <span class='ocrx_word' id='word_1_194' title='bbox 1363 1513 1646 1575; x_wconf 89' lang='lat' dir='ltr'><strong>variabat,</strong></span> <span class='ocrx_word' id='word_1_195' title='bbox 1667 1521 1726 1566; x_wconf 92' lang='lat' dir='ltr'><strong>vt</strong></span> <span class='ocrx_word' id='word_1_196' title='bbox 1741 1530 1813 1566; x_wconf 85' lang='lat' dir='ltr'><strong>ex</strong></span> <span class='ocrx_word' id='word_1_197' title='bbox 1827 1514 1939 1567; x_wconf 90' lang='lat' dir='ltr'><strong>hac</strong></span> <span class='ocrx_word' id='word_1_198' title='bbox 1953 1517 2233 1580; x_wconf 93' lang='lat' dir='ltr'><strong>temporis</strong></span> <span class='ocrx_word' id='word_1_199' title='bbox 2246 1514 2648 1579; x_wconf 90' lang='lat' dir='ltr'><strong>praecifionem</strong></span> 
     </span>
     <span class='ocr_line' id='line_1_18' title="bbox 446 1579 1688 1654; baseline 0.006 -24"><span class='ocrx_word' id='word_1_200' title='bbox 446 1579 806 1644; x_wconf 79' lang='lat' dir='ltr'><strong>inuestigare,</strong></span> <span class='ocrx_word' id='word_1_201' title='bbox 827 1583 1026 1633; x_wconf 91' lang='lat' dir='ltr'><strong>minus</strong></span> <span class='ocrx_word' id='word_1_202' title='bbox 1048 1584 1226 1634; x_wconf 90' lang='lat' dir='ltr'><strong>etiam</strong></span> <span class='ocrx_word' id='word_1_203' title='bbox 1244 1581 1418 1635; x_wconf 90' lang='lat' dir='ltr'><strong>fuerit</strong></span> <span class='ocrx_word' id='word_1_204' title='bbox 1437 1590 1644 1637; x_wconf 91' lang='lat' dir='ltr'><strong>tutum.</strong></span> <span class='ocrx_word' id='word_1_205' title='bbox 1668 1580 1688 1654; x_wconf 92' lang='grc' dir='ltr'><strong>ΙΙ</strong></span> 
     </span>
    </p>

    <p class='ocr_par' dir='ltr' id='par_1_5' title="bbox 446 1650 2767 1793">
     <span class='ocr_line' id='line_1_19' title="bbox 516 1650 2767 1722; baseline 0.003 -21"><span class='ocrx_word' id='word_1_206' title='bbox 516 1650 711 1702; x_wconf 91' lang='lat' dir='ltr'><strong>Taceo</strong></span> <span class='ocrx_word' id='word_1_207' title='bbox 731 1651 980 1716; x_wconf 85' lang='lat' dir='ltr'><strong>insuper,</strong></span> <span class='ocrx_word' id='word_1_208' title='bbox 1002 1653 1161 1717; x_wconf 92' lang='lat' dir='ltr'><strong>quod</strong></span> <span class='ocrx_word' id='word_1_209' title='bbox 1181 1654 1403 1719; x_wconf 90' lang='lat' dir='ltr'><strong>Anguli</strong></span> <span class='ocrx_word' id='word_1_210' title='bbox 1422 1655 1819 1708; x_wconf 82' lang='lat' dir='ltr'><strong>Azimuthalis</strong></span> <span class='ocrx_word' id='word_1_211' title='bbox 1840 1657 2021 1709; x_wconf 93' lang='lat' dir='ltr'><strong>MZB</strong></span> <span class='ocrx_word' id='word_1_212' title='bbox 2042 1672 2259 1722; x_wconf 91' lang='lat' dir='ltr'><strong>anceps</strong></span> <span class='ocrx_word' id='word_1_213' title='bbox 2278 1656 2341 1709; x_wconf 88' lang='lat' dir='ltr'><strong>fit</strong></span> <span class='ocrx_word' id='word_1_214' title='bbox 2360 1659 2646 1717; x_wconf 90' lang='lat' dir='ltr'><strong>inuenti0,</strong></span> <span class='ocrx_word' id='word_1_215' title='bbox 2679 1665 2767 1708; x_wconf 89' lang='grc'><strong>518</strong></span> 
     </span>
     <span class='ocr_line' id='line_1_20' title="bbox 446 1722 2420 1793; baseline 0.004 -20"><span class='ocrx_word' id='word_1_216' title='bbox 446 1722 741 1787; x_wconf 86' lang='lat' dir='ltr'><strong>magisque</strong></span> <span class='ocrx_word' id='word_1_217' title='bbox 763 1723 1088 1775; x_wconf 90' lang='lat' dir='ltr'><strong>deuiationi</strong></span> <span class='ocrx_word' id='word_1_218' title='bbox 1110 1724 1385 1787; x_wconf 85' lang='lat' dir='ltr'><strong>obnoxia,</strong></span> <span class='ocrx_word' id='word_1_219' title='bbox 1408 1742 1588 1791; x_wconf 92' lang='lat' dir='ltr'><strong>quam</strong></span> <span class='ocrx_word' id='word_1_220' title='bbox 1608 1728 1730 1792; x_wconf 91' lang='lat' dir='ltr'><strong>ipsa</strong></span> <span class='ocrx_word' id='word_1_221' title='bbox 1749 1728 2092 1780; x_wconf 85' lang='lat' dir='ltr'><strong>Altitudinis</strong></span> <span class='ocrx_word' id='word_1_222' title='bbox 2111 1727 2420 1793; x_wconf 91' lang='lat' dir='ltr'><strong>inquifitio.</strong></span> 
     </span>
    </p>

    <p class='ocr_par' dir='ltr' id='par_1_6' title="bbox 445 1793 2743 2288">
     <span class='ocr_line' id='line_1_21' title="bbox 518 1793 2743 1865; baseline 0.003 -21"><span class='ocrx_word' id='word_1_223' title='bbox 518 1793 605 1844; x_wconf 89' lang='lat' dir='ltr'><strong>Ex</strong></span> <span class='ocrx_word' id='word_1_224' title='bbox 634 1793 847 1857; x_wconf 94' lang='lat' dir='ltr'><strong>quibus</strong></span> <span class='ocrx_word' id='word_1_225' title='bbox 880 1795 1155 1847; x_wconf 93' lang='lat' dir='ltr'><strong>omnibus</strong></span> <span class='ocrx_word' id='word_1_226' title='bbox 1188 1796 1573 1862; x_wconf 90' lang='lat' dir='ltr'><strong>consequitur,</strong></span> <span class='ocrx_word' id='word_1_227' title='bbox 1608 1815 1679 1851; x_wconf 90' lang='lat' dir='ltr'><strong>ea</strong></span> <span class='ocrx_word' id='word_1_228' title='bbox 1712 1815 1847 1864; x_wconf 87' lang='lat' dir='ltr'><strong>quae</strong></span> <span class='ocrx_word' id='word_1_229' title='bbox 1876 1799 2175 1865; x_wconf 91' lang='lat' dir='ltr'><strong>vsurpauit</strong></span> <span class='ocrx_word' id='word_1_230' title='bbox 2204 1799 2278 1851; x_wconf 94' lang='lat' dir='ltr'><strong>D.</strong></span> <span class='ocrx_word' id='word_1_231' title='bbox 2307 1798 2647 1851; x_wconf 87' lang='lat' dir='ltr'><strong>Thaddaeus</strong></span> <span class='ocrx_word' id='word_1_232' title='bbox 2697 1815 2743 1850; x_wconf 92' lang='lat'><strong>20</strong></span> 
     </span>
     <span class='ocr_line' id='line_1_22' title="bbox 447 1864 2648 1935; baseline 0.003 -20"><span class='ocrx_word' id='word_1_233' title='bbox 447 1864 793 1926; x_wconf 88' lang='lat' dir='ltr'><strong>dedomena,</strong></span> <span class='ocrx_word' id='word_1_234' title='bbox 826 1881 950 1917; x_wconf 93' lang='lat' dir='ltr'><strong>non</strong></span> <span class='ocrx_word' id='word_1_235' title='bbox 981 1865 1137 1918; x_wconf 88' lang='lat' dir='ltr'><strong>fuisse</strong></span> <span class='ocrx_word' id='word_1_236' title='bbox 1169 1866 1302 1919; x_wconf 92' lang='lat' dir='ltr'><strong>satis</strong></span> <span class='ocrx_word' id='word_1_237' title='bbox 1335 1867 1553 1931; x_wconf 66' lang='lat' dir='ltr'><strong>exacta,</strong></span> <span class='ocrx_word' id='word_1_238' title='bbox 1586 1885 1781 1935; x_wconf 92' lang='lat' dir='ltr'><strong>neque</strong></span> <span class='ocrx_word' id='word_1_239' title='bbox 1811 1874 1976 1922; x_wconf 94' lang='lat' dir='ltr'><strong>omni</strong></span> <span class='ocrx_word' id='word_1_240' title='bbox 2006 1887 2078 1923; x_wconf 88' lang='lat' dir='ltr'><strong>ex</strong></span> <span class='ocrx_word' id='word_1_241' title='bbox 2106 1877 2269 1935; x_wconf 92' lang='lat' dir='ltr'><strong>parte</strong></span> <span class='ocrx_word' id='word_1_242' title='bbox 2298 1869 2648 1922; x_wconf 88' lang='lat' dir='ltr'><strong>sufficienter</strong></span> 
     </span>
     <span class='ocr_line' id='line_1_23' title="bbox 445 1935 2649 2007; baseline 0.003 -20"><span class='ocrx_word' id='word_1_243' title='bbox 445 1936 677 1997; x_wconf 93' lang='lat' dir='ltr'><strong>idonea,</strong></span> <span class='ocrx_word' id='word_1_244' title='bbox 693 1935 768 1988; x_wconf 91' lang='lat' dir='ltr'><strong>ad</strong></span> <span class='ocrx_word' id='word_1_245' title='bbox 781 1942 904 1988; x_wconf 93' lang='lat' dir='ltr'><strong>tam</strong></span> <span class='ocrx_word' id='word_1_246' title='bbox 916 1936 1136 1989; x_wconf 92' lang='lat' dir='ltr'><strong>subtilis</strong></span> <span class='ocrx_word' id='word_1_247' title='bbox 1149 1938 1536 2003; x_wconf 90' lang='lat' dir='ltr'><strong>inquifitionis</strong></span> <span class='ocrx_word' id='word_1_248' title='bbox 1550 1940 1796 1993; x_wconf 92' lang='lat' dir='ltr'><strong>solidam</strong></span> <span class='ocrx_word' id='word_1_249' title='bbox 1808 1941 2368 2007; x_wconf 88' lang='lat' dir='ltr'><strong>peruestigationem.</strong></span> <span class='ocrx_word' id='word_1_250' title='bbox 2390 1941 2649 1993; x_wconf 91' lang='lat' dir='ltr'><strong>Minima</strong></span> 
     </span>
     <span class='ocr_line' id='line_1_24' title="bbox 447 2006 2646 2078; baseline 0.004 -21"><span class='ocrx_word' id='word_1_251' title='bbox 447 2009 607 2058; x_wconf 90' lang='lat' dir='ltr'><strong>enim</strong></span> <span class='ocrx_word' id='word_1_252' title='bbox 627 2006 679 2058; x_wconf 88' lang='lat'>&amp;</span> <span class='ocrx_word' id='word_1_253' title='bbox 698 2010 797 2059; x_wconf 87' lang='lat' dir='ltr'><strong>vix</strong></span> <span class='ocrx_word' id='word_1_254' title='bbox 822 2009 1211 2072; x_wconf 91' lang='lat' dir='ltr'><strong>perceptibilis</strong></span> <span class='ocrx_word' id='word_1_255' title='bbox 1236 2012 1300 2061; x_wconf 93' lang='lat' dir='ltr'><strong>in</strong></span> <span class='ocrx_word' id='word_1_256' title='bbox 1325 2010 1440 2062; x_wconf 92' lang='lat' dir='ltr'><strong>illis</strong></span> <span class='ocrx_word' id='word_1_257' title='bbox 1459 2010 1763 2074; x_wconf 82' lang='lat' dir='ltr'><strong>frustratiO,</strong></span> <span class='ocrx_word' id='word_1_258' title='bbox 1790 2013 2116 2065; x_wconf 91' lang='lat' dir='ltr'><strong>admodum</strong></span> <span class='ocrx_word' id='word_1_259' title='bbox 2134 2020 2433 2078; x_wconf 89' lang='lat' dir='ltr'><strong>patentem</strong></span> <span class='ocrx_word' id='word_1_260' title='bbox 2451 2012 2646 2064; x_wconf 88' lang='lat' dir='ltr'><strong>Paral-</strong></span> 
     </span>
     <span class='ocr_line' id='line_1_25' title="bbox 446 2077 2646 2149; baseline 0.003 -21"><span class='ocrx_word' id='word_1_261' title='bbox 446 2077 649 2129; x_wconf 85' lang='lat' dir='ltr'><strong>laxeos</strong></span> <span class='ocrx_word' id='word_1_262' title='bbox 669 2078 993 2131; x_wconf 90' lang='lat' dir='ltr'><strong>deuiationi</strong></span> <span class='ocrx_word' id='word_1_263' title='bbox 1013 2080 1378 2133; x_wconf 82' lang='lat' dir='ltr'><strong>occasionem</strong></span> <span class='ocrx_word' id='word_1_264' title='bbox 1397 2083 1659 2146; x_wconf 87' lang='lat' dir='ltr'><strong>praebere</strong></span> <span class='ocrx_word' id='word_1_265' title='bbox 1678 2087 1882 2148; x_wconf 89' lang='lat' dir='ltr'><strong>potuit.</strong></span> <span class='ocrx_word' id='word_1_266' title='bbox 1904 2084 2067 2136; x_wconf 91' lang='lat' dir='ltr'><strong>Idem</strong></span> <span class='ocrx_word' id='word_1_267' title='bbox 2087 2084 2158 2136; x_wconf 92' lang='lat' dir='ltr'><strong>de</strong></span> <span class='ocrx_word' id='word_1_268' title='bbox 2175 2086 2263 2149; x_wconf 87' lang='lat' dir='ltr'><strong>ijs,</strong></span> <span class='ocrx_word' id='word_1_269' title='bbox 2286 2099 2422 2148; x_wconf 87' lang='lat' dir='ltr'><strong>quae</strong></span> <span class='ocrx_word' id='word_1_270' title='bbox 2437 2099 2510 2135; x_wconf 86' lang='lat' dir='ltr'><strong>ex</strong></span> <span class='ocrx_word' id='word_1_271' title='bbox 2522 2083 2646 2135; x_wconf 93' lang='lat' dir='ltr'><strong>Tri-</strong></span> 
     </span>
     <span class='ocr_line' id='line_1_26' title="bbox 446 2148 2741 2221; baseline 0.002 -21"><span class='ocrx_word' id='word_1_272' title='bbox 446 2148 664 2213; x_wconf 91' lang='lat' dir='ltr'><strong>angulo</strong></span> <span class='ocrx_word' id='word_1_273' title='bbox 696 2149 884 2202; x_wconf 92' lang='lat' dir='ltr'><strong>OMB</strong></span> <span class='ocrx_word' id='word_1_274' title='bbox 913 2150 1260 2215; x_wconf 88' lang='lat' dir='ltr'><strong>superaddit,</strong></span> <span class='ocrx_word' id='word_1_275' title='bbox 1294 2168 1430 2204; x_wconf 92' lang='lat' dir='ltr'><strong>cum</strong></span> <span class='ocrx_word' id='word_1_276' title='bbox 1459 2169 1532 2205; x_wconf 86' lang='lat' dir='ltr'><strong>ex</strong></span> <span class='ocrx_word' id='word_1_277' title='bbox 1560 2155 1852 2219; x_wconf 94' lang='lat' dir='ltr'><strong>prioribus</strong></span> <span class='ocrx_word' id='word_1_278' title='bbox 1881 2155 2267 2221; x_wconf 91' lang='lat' dir='ltr'><strong>dependeant,</strong></span> <span class='ocrx_word' id='word_1_279' title='bbox 2302 2155 2354 2206; x_wconf 73' lang='lat'><strong>81</strong></span> <span class='ocrx_word' id='word_1_280' title='bbox 2387 2170 2522 2207; x_wconf 94' lang='lat' dir='ltr'><strong>cum</strong></span> <span class='ocrx_word' id='word_1_281' title='bbox 2553 2154 2647 2206; x_wconf 91' lang='lat' dir='ltr'><strong>his</strong></span> <span class='ocrx_word' id='word_1_282' title='bbox 2696 2171 2741 2205; x_wconf 88' lang='lat'><strong>25</strong></span> 
     </span>
     <span class='ocr_line' id='line_1_27' title="bbox 445 2219 1538 2288; baseline 0.005 -17"><span class='ocrx_word' id='word_1_283' title='bbox 445 2219 602 2281; x_wconf 86' lang='lat' dir='ltr'><strong>stent,</strong></span> <span class='ocrx_word' id='word_1_284' title='bbox 625 2220 930 2282; x_wconf 92' lang='lat' dir='ltr'><strong>cadantue,</strong></span> <span class='ocrx_word' id='word_1_285' title='bbox 951 2222 1395 2288; x_wconf 88' lang='lat' dir='ltr'><strong>intelligendum</strong></span> <span class='ocrx_word' id='word_1_286' title='bbox 1417 2228 1538 2277; x_wconf 91' lang='lat' dir='ltr'><strong>erit.</strong></span> 
     </span>
    </p>

    <p class='ocr_par' dir='ltr' id='par_1_7' title="bbox 443 2291 2742 3353">
     <span class='ocr_line' id='line_1_28' title="bbox 517 2291 2647 2362; baseline 0.003 -20"><span class='ocrx_word' id='word_1_287' title='bbox 517 2291 669 2343; x_wconf 88' lang='lat' dir='ltr'><strong>Haec</strong></span> <span class='ocrx_word' id='word_1_288' title='bbox 689 2307 812 2343; x_wconf 94' lang='lat' dir='ltr'><strong>non</strong></span> <span class='ocrx_word' id='word_1_289' title='bbox 833 2291 908 2344; x_wconf 96' lang='lat' dir='ltr'><strong>ob</strong></span> <span class='ocrx_word' id='word_1_290' title='bbox 927 2292 987 2345; x_wconf 94' lang='lat' dir='ltr'><strong>id</strong></span> <span class='ocrx_word' id='word_1_291' title='bbox 1008 2308 1427 2356; x_wconf 92' lang='lat' dir='ltr'><strong>commemor0,</strong></span> <span class='ocrx_word' id='word_1_292' title='bbox 1456 2297 1615 2360; x_wconf 92' lang='lat' dir='ltr'><strong>quod</strong></span> <span class='ocrx_word' id='word_1_293' title='bbox 1643 2312 1714 2349; x_wconf 90' lang='lat' dir='ltr'><strong>ea</strong></span> <span class='ocrx_word' id='word_1_294' title='bbox 1741 2313 1877 2362; x_wconf 90' lang='lat' dir='ltr'><strong>quae</strong></span> <span class='ocrx_word' id='word_1_295' title='bbox 1898 2297 1969 2349; x_wconf 91' lang='lat' dir='ltr'><strong>de</strong></span> <span class='ocrx_word' id='word_1_296' title='bbox 1990 2297 2367 2350; x_wconf 84' lang='lat' dir='ltr'><strong>Parallaxeos</strong></span> <span class='ocrx_word' id='word_1_297' title='bbox 2388 2300 2647 2349; x_wconf 93' lang='lat' dir='ltr'><strong>carentia</strong></span> 
     </span>
     <span class='ocr_line' id='line_1_29' title="bbox 445 2361 2644 2433; baseline 0.003 -20"><span class='ocrx_word' id='word_1_298' title='bbox 445 2361 783 2414; x_wconf 90' lang='lat' dir='ltr'><strong>Thaddaeus</strong></span> <span class='ocrx_word' id='word_1_299' title='bbox 815 2364 1174 2426; x_wconf 88' lang='lat' dir='ltr'><strong>asseuerauit,</strong></span> <span class='ocrx_word' id='word_1_300' title='bbox 1206 2365 1528 2419; x_wconf 84' lang='lat' dir='ltr'><strong>frustranea</strong></span> <span class='ocrx_word' id='word_1_301' title='bbox 1558 2368 1867 2433; x_wconf 92' lang='lat' dir='ltr'><strong>minusque</strong></span> <span class='ocrx_word' id='word_1_302' title='bbox 1900 2375 2027 2421; x_wconf 87' lang='lat' dir='ltr'><strong>rata</strong></span> <span class='ocrx_word' id='word_1_303' title='bbox 2056 2370 2176 2430; x_wconf 89' lang='lat' dir='ltr'><strong>esse,</strong></span> <span class='ocrx_word' id='word_1_304' title='bbox 2209 2368 2423 2420; x_wconf 87' lang='lat' dir='ltr'><strong>inferre</strong></span> <span class='ocrx_word' id='word_1_305' title='bbox 2449 2368 2644 2420; x_wconf 89' lang='lat' dir='ltr'><strong>velim.</strong></span> 
     </span>
     <span class='ocr_line' id='line_1_30' title="bbox 446 2432 2645 2504; baseline 0.004 -21"><span class='ocrx_word' id='word_1_306' title='bbox 446 2432 675 2485; x_wconf 91' lang='lat' dir='ltr'><strong>Reuera</strong></span> <span class='ocrx_word' id='word_1_307' title='bbox 695 2437 855 2485; x_wconf 94' lang='lat' dir='ltr'><strong>enim</strong></span> <span class='ocrx_word' id='word_1_308' title='bbox 874 2450 966 2486; x_wconf 90' lang='lat' dir='ltr'><strong>res</strong></span> <span class='ocrx_word' id='word_1_309' title='bbox 987 2438 1068 2487; x_wconf 89' lang='lat' dir='ltr'><strong>ita</strong></span> <span class='ocrx_word' id='word_1_310' title='bbox 1086 2435 1142 2487; x_wconf 90' lang='lat' dir='ltr'><strong>se</strong></span> <span class='ocrx_word' id='word_1_311' title='bbox 1162 2435 1384 2499; x_wconf 91' lang='lat' dir='ltr'><strong>habuit,</strong></span> <span class='ocrx_word' id='word_1_312' title='bbox 1413 2439 1572 2502; x_wconf 90' lang='lat' dir='ltr'><strong>quod</strong></span> <span class='ocrx_word' id='word_1_313' title='bbox 1599 2439 1828 2491; x_wconf 91' lang='lat' dir='ltr'><strong>nullam</strong></span> <span class='ocrx_word' id='word_1_314' title='bbox 1854 2439 2087 2504; x_wconf 92' lang='lat' dir='ltr'><strong>prorsus</strong></span> <span class='ocrx_word' id='word_1_315' title='bbox 2106 2439 2245 2491; x_wconf 93' lang='lat' dir='ltr'><strong>huic</strong></span> <span class='ocrx_word' id='word_1_316' title='bbox 2266 2439 2460 2492; x_wconf 87' lang='lat' dir='ltr'><strong>stellae</strong></span> <span class='ocrx_word' id='word_1_317' title='bbox 2481 2438 2645 2491; x_wconf 90' lang='lat' dir='ltr'><strong>adfu-</strong></span> 
     </span>
     <span class='ocr_line' id='line_1_31' title="bbox 446 2504 2742 2575; baseline 0.003 -20"><span class='ocrx_word' id='word_1_318' title='bbox 446 2506 552 2555; x_wconf 91' lang='lat' dir='ltr'><strong>erit</strong></span> <span class='ocrx_word' id='word_1_319' title='bbox 571 2504 947 2557; x_wconf 84' lang='lat' dir='ltr'><strong>Parallaxeos</strong></span> <span class='ocrx_word' id='word_1_320' title='bbox 966 2506 1282 2572; x_wconf 85' lang='lat' dir='ltr'><strong>vestigium,</strong></span> <span class='ocrx_word' id='word_1_321' title='bbox 1309 2508 1491 2561; x_wconf 88' lang='lat' dir='ltr'><strong>veluti</strong></span> <span class='ocrx_word' id='word_1_322' title='bbox 1512 2509 1720 2575; x_wconf 91' lang='lat' dir='ltr'><strong>Capite</strong></span> <span class='ocrx_word' id='word_1_323' title='bbox 1742 2510 1918 2563; x_wconf 85' lang='lat' dir='ltr'><strong>Sexto</strong></span> <span class='ocrx_word' id='word_1_324' title='bbox 1944 2510 2171 2563; x_wconf 85' lang='lat' dir='ltr'><strong>affatim</strong></span> <span class='ocrx_word' id='word_1_325' title='bbox 2191 2510 2646 2563; x_wconf 81' lang='lat' dir='ltr'><strong>demonstratum</strong></span> <span class='ocrx_word' id='word_1_326' title='bbox 2695 2527 2742 2562; x_wconf 88' lang='lat'><strong>30</strong></span> 
     </span>
     <span class='ocr_line' id='line_1_32' title="bbox 444 2575 2645 2647; baseline 0.003 -21"><span class='ocrx_word' id='word_1_327' title='bbox 444 2575 807 2640; x_wconf 77' lang='lat' dir='ltr'><strong>reliquimUS,</strong></span> <span class='ocrx_word' id='word_1_328' title='bbox 834 2576 929 2629; x_wconf 94' lang='lat' dir='ltr'><strong>sed</strong></span> <span class='ocrx_word' id='word_1_329' title='bbox 954 2577 1157 2630; x_wconf 92' lang='lat' dir='ltr'><strong>saltem</strong></span> <span class='ocrx_word' id='word_1_330' title='bbox 1175 2586 1235 2631; x_wconf 89' lang='lat' dir='ltr'><strong>vt</strong></span> <span class='ocrx_word' id='word_1_331' title='bbox 1254 2595 1562 2633; x_wconf 93' lang='lat' dir='ltr'><strong>monerem</strong></span> <span class='ocrx_word' id='word_1_332' title='bbox 1589 2597 1675 2643; x_wconf 91' lang='lat' dir='ltr'><strong>ea,</strong></span> <span class='ocrx_word' id='word_1_333' title='bbox 1704 2598 1839 2646; x_wconf 88' lang='lat' dir='ltr'><strong>quae</strong></span> <span class='ocrx_word' id='word_1_334' title='bbox 1867 2581 1942 2634; x_wconf 93' lang='lat' dir='ltr'><strong>ad</strong></span> <span class='ocrx_word' id='word_1_335' title='bbox 1961 2581 2021 2634; x_wconf 92' lang='lat' dir='ltr'><strong>id</strong></span> <span class='ocrx_word' id='word_1_336' title='bbox 2040 2582 2415 2647; x_wconf 90' lang='lat' dir='ltr'><strong>probandum</strong></span> <span class='ocrx_word' id='word_1_337' title='bbox 2435 2597 2508 2633; x_wconf 85' lang='lat' dir='ltr'><strong>ex</strong></span> <span class='ocrx_word' id='word_1_338' title='bbox 2529 2581 2645 2634; x_wconf 93' lang='lat' dir='ltr'><strong>Ob—</strong></span> 
     </span>
     <span class='ocr_line' id='line_1_33' title="bbox 443 2645 2647 2713; baseline 0.004 -16"><span class='ocrx_word' id='word_1_339' title='bbox 443 2645 870 2700; x_wconf 91' lang='lat' dir='ltr'><strong>seruationibus</strong></span> <span class='ocrx_word' id='word_1_340' title='bbox 891 2648 1039 2700; x_wconf 92' lang='lat' dir='ltr'><strong>datis</strong></span> <span class='ocrx_word' id='word_1_341' title='bbox 1053 2650 1497 2713; x_wconf 85' lang='lat' dir='ltr'><strong>assumebantur,</strong></span> <span class='ocrx_word' id='word_1_342' title='bbox 1520 2653 1593 2704; x_wconf 90' lang='lat' dir='ltr'><strong>ab</strong></span> <span class='ocrx_word' id='word_1_343' title='bbox 1610 2668 1805 2705; x_wconf 93' lang='lat' dir='ltr'><strong>errore</strong></span> <span class='ocrx_word' id='word_1_344' title='bbox 1819 2652 1989 2705; x_wconf 90' lang='lat' dir='ltr'><strong>facile</strong></span> <span class='ocrx_word' id='word_1_345' title='bbox 2006 2654 2296 2706; x_wconf 92' lang='lat' dir='ltr'><strong>incidente</strong></span> <span class='ocrx_word' id='word_1_346' title='bbox 2310 2656 2509 2705; x_wconf 93' lang='lat' dir='ltr'><strong>minus</strong></span> <span class='ocrx_word' id='word_1_347' title='bbox 2522 2658 2647 2705; x_wconf 89' lang='lat' dir='ltr'><strong>tuta</strong></span> 
     </span>
     <span class='ocr_line' id='line_1_34' title="bbox 444 2716 2647 2789; baseline 0.004 -21"><span class='ocrx_word' id='word_1_348' title='bbox 444 2716 623 2779; x_wconf 79' lang='lat' dir='ltr'><strong>fuisse3</strong></span> <span class='ocrx_word' id='word_1_349' title='bbox 653 2734 846 2783; x_wconf 91' lang='lat' dir='ltr'><strong>neque</strong></span> <span class='ocrx_word' id='word_1_350' title='bbox 872 2726 995 2771; x_wconf 94' lang='lat' dir='ltr'><strong>tam</strong></span> <span class='ocrx_word' id='word_1_351' title='bbox 1019 2720 1210 2773; x_wconf 92' lang='lat' dir='ltr'><strong>subtili</strong></span> <span class='ocrx_word' id='word_1_352' title='bbox 1235 2726 1480 2787; x_wconf 88' lang='lat' dir='ltr'><strong>negocio</strong></span> <span class='ocrx_word' id='word_1_353' title='bbox 1509 2724 1877 2776; x_wconf 92' lang='lat' dir='ltr'><strong>enucleando</strong></span> <span class='ocrx_word' id='word_1_354' title='bbox 1904 2727 2087 2789; x_wconf 91' lang='lat' dir='ltr'><strong>paria.</strong></span> <span class='ocrx_word' id='word_1_355' title='bbox 2119 2725 2339 2777; x_wconf 91' lang='lat' dir='ltr'><strong>Danda</strong></span> <span class='ocrx_word' id='word_1_356' title='bbox 2363 2723 2647 2789; x_wconf 86' lang='lat' dir='ltr'><strong>fiquidem</strong></span> 
     </span>
     <span class='ocr_line' id='line_1_35' title="bbox 444 2788 2648 2861; baseline 0.004 -22"><span class='ocrx_word' id='word_1_357' title='bbox 444 2788 659 2853; x_wconf 90' lang='lat' dir='ltr'><strong>vbique</strong></span> <span class='ocrx_word' id='word_1_358' title='bbox 687 2789 762 2841; x_wconf 81' lang='lat' dir='ltr'><strong>est</strong></span> <span class='ocrx_word' id='word_1_359' title='bbox 788 2806 984 2855; x_wconf 91' lang='lat' dir='ltr'><strong>opera,</strong></span> <span class='ocrx_word' id='word_1_360' title='bbox 1012 2798 1072 2843; x_wconf 90' lang='lat' dir='ltr'><strong>vt</strong></span> <span class='ocrx_word' id='word_1_361' title='bbox 1096 2792 1239 2844; x_wconf 90' lang='lat' dir='ltr'><strong>talia</strong></span> <span class='ocrx_word' id='word_1_362' title='bbox 1264 2797 1644 2858; x_wconf 90' lang='lat' dir='ltr'><strong>acquirantur</strong></span> <span class='ocrx_word' id='word_1_363' title='bbox 1671 2795 2041 2857; x_wconf 89' lang='lat' dir='ltr'><strong>Dedomena,</strong></span> <span class='ocrx_word' id='word_1_364' title='bbox 2073 2811 2208 2861; x_wconf 84' lang='lat' dir='ltr'><strong>quae</strong></span> <span class='ocrx_word' id='word_1_365' title='bbox 2238 2811 2361 2848; x_wconf 92' lang='lat' dir='ltr'><strong>non</strong></span> <span class='ocrx_word' id='word_1_366' title='bbox 2389 2795 2648 2847; x_wconf 92' lang='lat' dir='ltr'><strong>leuicula</strong></span> 
     </span>
     <span class='ocr_line' id='line_1_36' title="bbox 444 2861 2740 2932; baseline 0.003 -22"><span class='ocrx_word' id='word_1_367' title='bbox 444 2862 617 2911; x_wconf 90' lang='lat' dir='ltr'><strong>vnius</strong></span> <span class='ocrx_word' id='word_1_368' title='bbox 631 2861 726 2912; x_wconf 91' lang='lat' dir='ltr'><strong>vel</strong></span> <span class='ocrx_word' id='word_1_369' title='bbox 743 2861 982 2914; x_wconf 91' lang='lat' dir='ltr'><strong>alterius</strong></span> <span class='ocrx_word' id='word_1_370' title='bbox 1001 2865 1214 2915; x_wconf 92' lang='lat' dir='ltr'><strong>minuti</strong></span> <span class='ocrx_word' id='word_1_371' title='bbox 1227 2867 1290 2915; x_wconf 93' lang='lat' dir='ltr'><strong>in</strong></span> <span class='ocrx_word' id='word_1_372' title='bbox 1303 2865 1646 2928; x_wconf 89' lang='lat' dir='ltr'><strong>Altitudine,</strong></span> <span class='ocrx_word' id='word_1_373' title='bbox 1668 2873 1770 2918; x_wconf 92' lang='lat' dir='ltr'><strong>aut</strong></span> <span class='ocrx_word' id='word_1_374' title='bbox 1789 2882 2118 2932; x_wconf 90' lang='lat' dir='ltr'><strong>paucorum</strong></span> <span class='ocrx_word' id='word_1_375' title='bbox 2136 2870 2200 2918; x_wconf 94' lang='lat' dir='ltr'><strong>in</strong></span> <span class='ocrx_word' id='word_1_376' title='bbox 2218 2874 2498 2932; x_wconf 92' lang='lat' dir='ltr'><strong>tempore,</strong></span> <span class='ocrx_word' id='word_1_377' title='bbox 2519 2865 2644 2918; x_wconf 90' lang='lat' dir='ltr'><strong>hal-</strong></span> <span class='ocrx_word' id='word_1_378' title='bbox 2694 2883 2740 2918; x_wconf 88' lang='lat'><strong>35</strong></span> 
     </span>
     <span class='ocr_line' id='line_1_37' title="bbox 443 2930 2646 3002; baseline 0.005 -21"><span class='ocrx_word' id='word_1_379' title='bbox 443 2930 819 2993; x_wconf 92' lang='lat' dir='ltr'><strong>lucinatione‚</strong></span> <span class='ocrx_word' id='word_1_380' title='bbox 852 2935 938 2985; x_wconf 92' lang='lat' dir='ltr'><strong>rei</strong></span> <span class='ocrx_word' id='word_1_381' title='bbox 965 2936 1205 2987; x_wconf 84' lang='lat' dir='ltr'><strong>intentae</strong></span> <span class='ocrx_word' id='word_1_382' title='bbox 1236 2937 1642 2989; x_wconf 90' lang='lat' dir='ltr'><strong>certitudinem</strong></span> <span class='ocrx_word' id='word_1_383' title='bbox 1671 2940 1987 3002; x_wconf 92' lang='lat' dir='ltr'><strong>ancipitem</strong></span> <span class='ocrx_word' id='word_1_384' title='bbox 2016 2938 2278 2999; x_wconf 92' lang='lat' dir='ltr'><strong>reddant,</strong></span> <span class='ocrx_word' id='word_1_385' title='bbox 2311 2953 2386 2990; x_wconf 94' lang='lat' dir='ltr'><strong>ne</strong></span> <span class='ocrx_word' id='word_1_386' title='bbox 2419 2940 2551 3002; x_wconf 93' lang='lat' dir='ltr'><strong>quis</strong></span> <span class='ocrx_word' id='word_1_387' title='bbox 2583 2937 2646 2989; x_wconf 90' lang='lat' dir='ltr'><strong>fit</strong></span> 
     </span>
     <span class='ocr_line' id='line_1_38' title="bbox 445 3001 2645 3074; baseline 0.004 -21"><span class='ocrx_word' id='word_1_388' title='bbox 445 3001 672 3055; x_wconf 91' lang='lat' dir='ltr'><strong>diuersa</strong></span> <span class='ocrx_word' id='word_1_389' title='bbox 698 3003 1082 3057; x_wconf 84' lang='lat' dir='ltr'><strong>astruentibus</strong></span> <span class='ocrx_word' id='word_1_390' title='bbox 1113 3007 1548 3060; x_wconf 91' lang='lat' dir='ltr'><strong>contradicendi</strong></span> <span class='ocrx_word' id='word_1_391' title='bbox 1577 3008 1758 3061; x_wconf 92' lang='lat' dir='ltr'><strong>locus.</strong></span> <span class='ocrx_word' id='word_1_392' title='bbox 1792 3010 2005 3074; x_wconf 91' lang='lat' dir='ltr'><strong>Neque</strong></span> <span class='ocrx_word' id='word_1_393' title='bbox 2039 3012 2199 3061; x_wconf 92' lang='lat' dir='ltr'><strong>enim</strong></span> <span class='ocrx_word' id='word_1_394' title='bbox 2229 3009 2451 3070; x_wconf 91' lang='lat' dir='ltr'><strong>sufficit,</strong></span> <span class='ocrx_word' id='word_1_395' title='bbox 2486 3009 2645 3073; x_wconf 91' lang='lat' dir='ltr'><strong>quod</strong></span> 
     </span>
     <span class='ocr_line' id='line_1_39' title="bbox 443 3074 2646 3145; baseline 0.003 -21"><span class='ocrx_word' id='word_1_396' title='bbox 443 3088 652 3125; x_wconf 91' lang='lat' dir='ltr'><strong>verum</strong></span> <span class='ocrx_word' id='word_1_397' title='bbox 673 3074 747 3126; x_wconf 77' lang='lat' dir='ltr'><strong>est</strong></span> <span class='ocrx_word' id='word_1_398' title='bbox 766 3074 1095 3139; x_wconf 82' lang='lat' dir='ltr'><strong>simpliciter</strong></span> <span class='ocrx_word' id='word_1_399' title='bbox 1113 3080 1531 3141; x_wconf 89' lang='lat' dir='ltr'><strong>pronunciasse,</strong></span> <span class='ocrx_word' id='word_1_400' title='bbox 1553 3080 1658 3131; x_wconf 85' lang='lat' dir='ltr'><strong>nisi</strong></span> <span class='ocrx_word' id='word_1_401' title='bbox 1679 3083 1857 3132; x_wconf 90' lang='lat' dir='ltr'><strong>etiam</strong></span> <span class='ocrx_word' id='word_1_402' title='bbox 1876 3081 1935 3133; x_wconf 95' lang='lat' dir='ltr'><strong>id</strong></span> <span class='ocrx_word' id='word_1_403' title='bbox 1954 3080 2143 3145; x_wconf 95' lang='lat' dir='ltr'><strong>ipsum</strong></span> <span class='ocrx_word' id='word_1_404' title='bbox 2163 3083 2244 3133; x_wconf 90' lang='lat' dir='ltr'><strong>ita</strong></span> <span class='ocrx_word' id='word_1_405' title='bbox 2264 3080 2316 3132; x_wconf 85' lang='lat'>&amp;</span> <span class='ocrx_word' id='word_1_406' title='bbox 2335 3096 2460 3132; x_wconf 93' lang='lat' dir='ltr'><strong>non</strong></span> <span class='ocrx_word' id='word_1_407' title='bbox 2479 3079 2646 3132; x_wconf 84' lang='lat' dir='ltr'><strong>aliter</strong></span> 
     </span>
     <span class='ocr_line' id='line_1_40' title="bbox 443 3143 2646 3216; baseline 0.003 -21"><span class='ocrx_word' id='word_1_408' title='bbox 443 3143 499 3195; x_wconf 95' lang='lat' dir='ltr'><strong>se</strong></span> <span class='ocrx_word' id='word_1_409' title='bbox 525 3143 759 3206; x_wconf 93' lang='lat' dir='ltr'><strong>habere,</strong></span> <span class='ocrx_word' id='word_1_410' title='bbox 786 3146 920 3198; x_wconf 92' lang='lat' dir='ltr'><strong>satis</strong></span> <span class='ocrx_word' id='word_1_411' title='bbox 948 3148 1250 3200; x_wconf 89' lang='lat' dir='ltr'><strong>euidenter</strong></span> <span class='ocrx_word' id='word_1_412' title='bbox 1276 3152 1684 3211; x_wconf 90' lang='lat' dir='ltr'><strong>conuincatur;</strong></span> <span class='ocrx_word' id='word_1_413' title='bbox 1711 3151 1889 3216; x_wconf 90' lang='lat' dir='ltr'><strong>idque</strong></span> <span class='ocrx_word' id='word_1_414' title='bbox 1916 3168 2041 3203; x_wconf 94' lang='lat' dir='ltr'><strong>non</strong></span> <span class='ocrx_word' id='word_1_415' title='bbox 2065 3158 2301 3216; x_wconf 91' lang='lat' dir='ltr'><strong>propter</strong></span> <span class='ocrx_word' id='word_1_416' title='bbox 2325 3152 2646 3203; x_wconf 90' lang='lat' dir='ltr'><strong>Veritatem</strong></span> 
     </span>
     <span class='ocr_line' id='line_1_41' title="bbox 444 3214 2740 3288; baseline 0.003 -23"><span class='ocrx_word' id='word_1_417' title='bbox 444 3214 643 3279; x_wconf 87' lang='lat' dir='ltr'><strong>ipsam,</strong></span> <span class='ocrx_word' id='word_1_418' title='bbox 673 3232 807 3280; x_wconf 90' lang='lat' dir='ltr'><strong>quae</strong></span> <span class='ocrx_word' id='word_1_419' title='bbox 833 3233 937 3282; x_wconf 93' lang='lat' dir='ltr'><strong>per</strong></span> <span class='ocrx_word' id='word_1_420' title='bbox 961 3218 1017 3270; x_wconf 92' lang='lat' dir='ltr'><strong>se</strong></span> <span class='ocrx_word' id='word_1_421' title='bbox 1044 3221 1291 3272; x_wconf 91' lang='lat' dir='ltr'><strong>immota</strong></span> <span class='ocrx_word' id='word_1_422' title='bbox 1315 3227 1532 3283; x_wconf 91' lang='lat' dir='ltr'><strong>manet,</strong></span> <span class='ocrx_word' id='word_1_423' title='bbox 1560 3222 1781 3274; x_wconf 76' lang='lat' dir='ltr'><strong>etiamst</strong></span> <span class='ocrx_word' id='word_1_424' title='bbox 1806 3223 1879 3275; x_wconf 91' lang='lat' dir='ltr'><strong>ab</strong></span> <span class='ocrx_word' id='word_1_425' title='bbox 1907 3223 2182 3275; x_wconf 93' lang='lat' dir='ltr'><strong>omnibus</strong></span> <span class='ocrx_word' id='word_1_426' title='bbox 2207 3226 2522 3288; x_wconf 88' lang='lat' dir='ltr'><strong>ignoretur,</strong></span> <span class='ocrx_word' id='word_1_427' title='bbox 2548 3221 2644 3274; x_wconf 92' lang='lat' dir='ltr'><strong>sed</strong></span> <span class='ocrx_word' id='word_1_428' title='bbox 2693 3237 2740 3272; x_wconf 80' lang='lat'><strong>40</strong></span> 
     </span>
     <span class='ocr_line' id='line_1_42' title="bbox 445 3286 2643 3353; baseline 0.004 -16"><span class='ocrx_word' id='word_1_429' title='bbox 445 3286 520 3338; x_wconf 94' lang='lat' dir='ltr'><strong>ob</strong></span> <span class='ocrx_word' id='word_1_430' title='bbox 547 3286 695 3338; x_wconf 92' lang='lat' dir='ltr'><strong>alios</strong></span> <span class='ocrx_word' id='word_1_431' title='bbox 721 3290 823 3352; x_wconf 95' lang='lat' dir='ltr'><strong>qui</strong></span> <span class='ocrx_word' id='word_1_432' title='bbox 848 3288 951 3353; x_wconf 89' lang='lat' dir='ltr'><strong>ipfi</strong></span> <span class='ocrx_word' id='word_1_433' title='bbox 976 3290 1222 3342; x_wconf 89' lang='lat' dir='ltr'><strong>assentiri</strong></span> <span class='ocrx_word' id='word_1_434' title='bbox 1248 3298 1527 3344; x_wconf 90' lang='lat' dir='ltr'><strong>renuunt:</strong></span> <span class='ocrx_word' id='word_1_435' title='bbox 1554 3299 1614 3344; x_wconf 89' lang='lat' dir='ltr'><strong>vt</strong></span> <span class='ocrx_word' id='word_1_436' title='bbox 1639 3297 1878 3346; x_wconf 91' lang='lat' dir='ltr'><strong>remotis</strong></span> <span class='ocrx_word' id='word_1_437' title='bbox 1903 3293 2364 3346; x_wconf 65' lang='lat' dir='ltr'><strong>haesitationibus</strong></span> <span class='ocrx_word' id='word_1_438' title='bbox 2389 3293 2441 3344; x_wconf 85' lang='lat'>&amp;</span> <span class='ocrx_word' id='word_1_439' title='bbox 2464 3292 2643 3345; x_wconf 83' lang='lat' dir='ltr'><strong>obsta-</strong></span> 
     </span>
    </p>
   </div>
   <div class='ocr_carea' id='block_1_3' title="bbox 445 3356 2645 3486">
    <p class='ocr_par' dir='ltr' id='par_1_8' title="bbox 445 3356 2645 3486">
     <span class='ocr_line' id='line_1_43' title="bbox 445 3356 2645 3485; baseline 0.004 -77"><span class='ocrx_word' id='word_1_440' title='bbox 445 3356 608 3418; x_wconf 82' lang='lat' dir='ltr'><strong>culiS,</strong></span> <span class='ocrx_word' id='word_1_441' title='bbox 635 3358 693 3410; x_wconf 93' lang='lat' dir='ltr'><strong>id</strong></span> <span class='ocrx_word' id='word_1_442' title='bbox 720 3359 879 3423; x_wconf 93' lang='lat' dir='ltr'><strong>quod</strong></span> <span class='ocrx_word' id='word_1_443' title='bbox 905 3376 997 3412; x_wconf 92' lang='lat' dir='ltr'><strong>res</strong></span> <span class='ocrx_word' id='word_1_444' title='bbox 1024 3360 1099 3413; x_wconf 82' lang='lat' dir='ltr'><strong>est</strong></span> <span class='ocrx_word' id='word_1_445' title='bbox 1122 3362 1356 3414; x_wconf 90' lang='lat' dir='ltr'><strong>credere</strong></span> <span class='ocrx_word' id='word_1_446' title='bbox 1377 3370 1674 3429; x_wconf 89' lang='lat' dir='ltr'><strong>cogantur.</strong></span> <span class='ocrx_word' id='word_1_447' title='bbox 1689 3364 1895 3417; x_wconf 25' lang='lat' dir='ltr'><strong>*Miror</strong></span> <span class='ocrx_word' id='word_1_448' title='bbox 1914 3367 2112 3429; x_wconf 92' lang='lat' dir='ltr'><strong>itaque</strong></span> <span class='ocrx_word' id='word_1_449' title='bbox 2132 3364 2510 3485; x_wconf 55' lang='lat' dir='ltr'><strong>Thaddaeunili</strong></span> <span class='ocrx_word' id='word_1_450' title='bbox 2523 3370 2645 3447; x_wconf 84' lang='lat' dir='ltr'><strong>tam</strong></span> 
     </span>
     <span class='ocr_line' id='line_1_44' title="bbox 2513 3450 2644 3486; baseline 0 0"><span class='ocrx_word' id='word_1_451' title='bbox 2513 3450 2644 3486; x_wconf 83' lang='lat' dir='ltr'><strong>uxis</strong></span> 
     </span>
    </p>
   </div>
  </div>
 </body>
</html>
