2976 4264
194 838 276 882 801

222 1130 264 1165 10

223 1487 265 1522 15

218 2200 264 2235 25

195 2762 282 2806 802

219 2913 266 2948 35

221 3268 268 3302 40

1013 329 1806 384 PROGYMNASMATA
2412 333 2516 385 309

314 472 690 525 ascititiorum
719 473 990 525 Siderum
1021 475 1431 538 pronunciant,
1464 472 1642 538 plena
1672 472 1778 524 lint
1809 476 2084 526 vanitatis
2116 481 2291 539 atque
2324 477 2516 526 irritos

313 559 464 609 pene
484 543 709 609 semper
727 544 1038 597 sortiantur
1058 551 1329 597 euentus:
1357 544 1638 595 Attamen
1658 559 1793 596 meo
1808 544 2048 609 judicio,
2075 561 2199 597 non
2220 545 2294 597 ob
2316 546 2374 597 id
2393 552 2515 598 tam

313 615 675 667 admirandis
696 615 749 667 &
769 616 939 668 nobis
959 616 1184 668 caelitus
1203 614 1665 668 illucescentibus
1691 614 2045 680 spectaculiS,
2073 619 2267 669 omnis
2290 617 2514 669 denun-

314 688 582 739 ciationis
614 686 860 751 potestas
892 687 1230 753 deroganda
1261 687 1424 747 foret,
1464 686 1624 751 quod
1657 702 1865 739 eorum
1897 687 2151 739 Decreta
2181 688 2255 739 ab
2288 690 2376 753 ijs,
2416 692 2518 753 qui

313 758 520 809 Artem
533 757 955 822 Astrologicam
968 757 1331 823 profitentur,
1352 757 1661 823 praesagiri,
1683 758 1816 810 satis
1836 758 2094 810 euidenti
2116 762 2517 823 experimento

313 833 634 893 nequeant:
663 829 791 880 Imo
816 832 1012 893 potius
1037 828 1176 881 hinc
1203 844 1429 881 errores
1456 845 1680 890 eorum,
1709 832 1810 894 qui
1835 829 1978 882 talia
2003 836 2131 882 utut
2151 830 2251 881 fibi
2271 826 2517 898 mi-ssnus

312 897 622 965 perspecta,
644 902 821 951 nimis
841 900 1127 952 audenter
1145 906 1345 952 tamen
1366 899 1653 961 effutiunt,
1674 901 1917 953 taxandi
1938 902 2122 962 essent‚
2145 901 2197 952 ἃ
2216 901 2515 954 imbecilli-

312 978 401 1023 tas
426 970 677 1023 humani
692 971 915 1037 judicij,
942 977 1118 1036 atque
1140 971 1215 1023 ad
1236 972 1600 1023 deuiandum
1620 971 1958 1036 procliuitas
1978 972 2365 1037 agnoscenda:
2393 989 2517 1025 non

313 1048 514 1094 autem
528 1042 742 1094 idcirco
757 1042 1141 1103 statuendum,
1163 1042 1364 1095 Deum
1379 1042 1431 1094 &
1445 1042 1756 1103 Naturam,
1777 1043 1990 1095 talibus
2008 1046 2236 1095 noviter
2252 1043 2516 1096 formatis

314 1113 672 1178 corporibus,
704 1116 960 1165 inaniter
990 1113 1209 1175 ludere,
1243 1113 1510 1178 nihilque
1542 1114 1806 1179 Praesagij
1842 1115 2077 1166 Mundo
2109 1115 2422 1167 ostendere.
2457 1115 2517 1167 Si

312 1187 512 1249 itaque
539 1184 824 1250 ejusmodi
849 1184 1005 1237 faces
1027 1185 1273 1238 Caelitus
1298 1191 1511 1250 praeter
1537 1201 1917 1237 communem
1937 1186 2186 1238 Naturae
2213 1186 2514 1238 consuetu-

312 1255 513 1308 dinem
531 1255 943 1317 illucescenteS‚
964 1257 1221 1308 multum
1238 1256 1478 1321 quidem
1492 1256 1711 1309 habere
1725 1257 1980 1309 Portenti
1995 1257 2379 1309 concederent
2388 1274 2400 1318 ;
2422 1257 2517 1309 sed

312 1327 372 1379 id
389 1327 668 1392 quicquid
689 1327 780 1388 est,
802 1343 839 1379 a
857 1327 1199 1380 mortalium
1213 1330 1543 1393 cognitione
1559 1334 1914 1392 exemptum,
1936 1343 2294 1393 omnemque
2310 1344 2517 1380 eorum

313 1405 551 1463 captum
572 1414 896 1463 exuperare
917 1400 1324 1459 asseuerarent;
1347 1399 1621 1463 equidem
1634 1399 1767 1451 illos
1781 1415 1818 1451 a
1830 1402 2072 1451 veritate
2085 1402 2284 1451 minus
2298 1399 2517 1452 absona

314 1470 626 1522 decernere
653 1486 777 1521 non
802 1469 1111 1522 inficiarer.
1140 1470 1371 1522 Reuera
1397 1473 1557 1522 enim
1583 1470 1907 1522 admodum
1934 1471 2185 1523 abstrusa
2212 1471 2302 1531 est,
2330 1470 2382 1522 &
2408 1471 2515 1522 hu-

312 1544 477 1593 mani
491 1543 707 1607 ingenij
725 1541 1235 1606 perspicacitatem,
1257 1541 1419 1606 quafi
1434 1557 1506 1593 ex
1520 1541 1639 1593 alto
1655 1541 1836 1594 eludit
1848 1541 2057 1594 talium
2073 1544 2518 1607 peregrinorum

314 1612 466 1665 Caeli
477 1611 927 1665 Phaenomenon
940 1613 1255 1677 prognOHS,
1271 1628 1408 1664 cum
1418 1628 1493 1664 ne
1506 1613 1746 1677 quidem
1758 1612 2071 1665 Stellarum
2082 1613 2289 1678 abipsa
2301 1613 2518 1666 Mundi

313 1686 537 1749 origine
559 1683 727 1736 Caelo
747 1686 1095 1736 micantium
1114 1683 1420 1736 facultates
1434 1683 1486 1735 &
1499 1684 1855 1745 influentiaS‚
1877 1691 1960 1736 tot
1979 1685 2279 1736 Mundani
2300 1687 2418 1736 aeui
2437 1685 2516 1736 se-

314 1755 476 1816 culis,
493 1757 565 1807 ea
578 1770 698 1820 qua
710 1770 819 1820 par
833 1754 923 1816 est,
939 1755 1282 1807 certitudine
1298 1754 1631 1819 exploratas
1645 1754 1989 1807 habeamus,
1999 1756 2167 1807 Vnde
2182 1755 2310 1807 fieri
2323 1756 2517 1820 potest,

313 1832 378 1878 ut
396 1826 738 1892 Astrologia,
761 1842 897 1891 quae
918 1826 989 1878 de
1010 1824 1310 1878 effectibus
1331 1826 1603 1879 Siderum
1622 1829 1754 1891 agit,
1776 1842 1947 1891 aeque
1966 1826 2129 1887 forte,
2151 1826 2256 1878 nifi
2276 1826 2516 1878 aliunde

314 1897 366 1950 &
379 1900 497 1964 maj
504 1900 592 1950 ori
606 1901 666 1949 vi
684 1898 1054 1963 impediatur,
1075 1897 1334 1950 veridica
1354 1899 1457 1949 esse
1478 1904 1671 1962 queat,
1693 1904 1869 1962 atque
1883 1898 2273 1958 Astronomia‚
2295 1913 2430 1962 quae
2446 1899 2516 1950 de

314 1985 522 2021 eorum
552 1969 809 2022 motibus
838 1969 891 2021 &
920 1971 1279 2035 apparentijs
1306 1967 1526 2029 tractat,
1561 1984 1697 2021 cum
1728 1970 1916 2021 caussa
1948 1967 2157 2022 effectu
2188 1984 2386 2021 carere
2419 1985 2517 2021 ne-

314 2047 507 2105 queat,
533 2040 652 2093 fiue
672 2043 722 2092 is
742 2041 815 2093 ab
842 2040 1184 2093 hominibus
1209 2040 1581 2106 intelligatur,
1609 2040 1662 2092 &
1686 2040 2206 2106 praecognoscatur‚
2234 2040 2351 2092 fiue
2378 2056 2517 2092 non.

312 2113 392 2164 At
417 2127 492 2164 ne
518 2111 668 2176 ipsas
689 2112 930 2177 quidem
950 2111 1223 2164 Siderum
1247 2114 1541 2164 motiones
1567 2112 1753 2164 oculis
1778 2118 2059 2177 patenteS,
2086 2111 2218 2163 satis
2243 2111 2520 2163 subtiliter

313 2185 533 2244 rimari,
560 2181 1002 2248 perspectasque
1028 2183 1287 2244 reddere,
1314 2182 1599 2235 humanae
1622 2183 1916 2235 industriae
1936 2182 2215 2248 sagacitas
2234 2180 2518 2234 hactenus

311 2254 586 2315 sustinuit,
606 2254 739 2306 licet
759 2255 1127 2307 certissimum
1146 2254 1225 2315 fit,
1247 2254 1477 2306 nullam
1496 2253 1594 2306 hic
1612 2254 1821 2306 subesse
1842 2254 2330 2314 incertitudinem,
2358 2260 2421 2306 ut
2443 2253 2518 2305 ob

312 2325 371 2377 id
390 2328 590 2378 minus
609 2329 828 2378 mirum
849 2326 952 2378 esse
972 2327 1147 2391 possit‚
1170 2341 1378 2377 eorum
1398 2323 1603 2378 effecta
1622 2325 1876 2378 senfibus
1894 2341 2019 2377 non
2039 2326 2189 2377 adeo
2204 2324 2384 2377 obuia
2397 2331 2518 2376 tam

312 2396 603 2462 profunde
624 2397 970 2458 delitescere,
991 2404 1169 2462 atque
1189 2396 1531 2449 mortalium
1551 2404 1797 2449 conatus
1818 2396 2020 2449 crebro
2039 2396 2310 2448 frustrari.

385 2467 445 2521 Si
464 2484 606 2520 vero
626 2468 794 2520 nulla
812 2483 1082 2533 unquam
1102 2471 1286 2520 extitit
1305 2467 1617 2520 difficultas
1632 2471 1695 2520 in
1707 2469 2096 2533 percipiendis
2109 2468 2517 2532 praedicendis·

314 2555 430 2604 que
450 2555 587 2591 cum
606 2546 888 2601 veterum,
916 2546 1043 2592 tum
1068 2542 1302 2591 nouiter
1320 2539 1562 2591 subinde
1582 2540 2002 2604 prodeuntium
2022 2539 2292 2592 Siderum
2311 2538 2517 2603 fignifi-

314 2613 473 2672 catiS,
506 2617 658 2663 certe
687 2610 818 2663 haec
846 2614 1144 2663 neoterica
1172 2610 1367 2671 Stella,
1401 2626 1537 2675 quae
1566 2611 1721 2663 ultra
1750 2614 2040 2676 integrum
2069 2626 2297 2663 annum
2325 2609 2516 2661 nostro

313 2697 450 2734 aeuo
476 2685 765 2747 apparuit,
792 2685 1064 2734 omnium
1088 2685 1348 2734 maxime
1377 2682 1836 2747 ambiguitatem,
1867 2683 1919 2734 &
1947 2681 2293 2747 perplexum
2321 2684 2383 2732 in
2403 2680 2518 2732 suis

314 2753 557 2805 decretis
572 2753 923 2806 extricandis
936 2753 1218 2814 laborem,
1233 2768 1648 2818 remoramque
1664 2749 1685 2822 ΙΙ
1698 2753 1958 2819 suggerit,
1979 2753 2296 2818 praesertim
2310 2768 2383 2804 ex
2397 2767 2516 2815 quo

314 2825 594 2877 rarissima
611 2824 827 2876 fuerint
846 2824 941 2876 vel
960 2827 1155 2889 potius
1174 2823 1341 2876 nulla
1365 2824 1716 2890 ejuscemodi
1742 2828 1904 2890 prius
1932 2823 2217 2888 exempla,
2246 2839 2277 2874 e
2304 2823 2516 2887 quibus

315 2896 692 2960 Experientia
716 2895 919 2960 aliqua
943 2911 1048 2959 per
1074 2902 1399 2947 euentuum
1423 2895 1860 2948 fimilitudinem
1880 2898 2070 2947 extrui
2095 2896 2288 2959 posset:
2317 2909 2517 2958 quem·

314 2966 640 3019 admodum
659 2967 833 3018 Artes
853 2966 1137 3018 Manticae
1157 2982 1281 3018 non
1301 2966 1433 3032 alijs
1453 2970 1719 3019 nituntur
1738 2967 2009 3032 Principij
2016 2982 2059 3026 S,
2081 2981 2262 3030 quam
2283 2965 2403 3030 ipsa
2423 2980 2518 3016 ex-

314 3040 803 3102 perimentatione
818 3037 1075 3089 crebrius
1090 3040 1404 3102 comperta.
1427 3037 1678 3090 Nullum
1691 3054 1833 3090 vero
1849 3037 2200 3103 ejuscemodi
2215 3036 2519 3088 Ostentum

316 3124 389 3161 ex
408 3108 671 3161 altissimo
692 3108 867 3161 Coelo
881 3108 1211 3174 Terrigenis
1231 3115 1408 3161 antea
1428 3108 1797 3174 conspectum
1816 3109 1940 3161 ulla
1961 3109 2288 3160 Literarum
2307 3123 2517 3158 monu-

315 3185 517 3231 menta
535 3179 827 3240 testantur,
849 3186 1091 3244 excepto
1112 3195 1200 3240 e0‚
1222 3180 1382 3245 quod
1400 3180 1625 3233 Plinius
1646 3180 1754 3244 (uti
1774 3180 2086 3244 aliquoties
2106 3177 2517 3243 allegauimus)

316 3250 733 3316 Hipparchum
746 3266 972 3303 nouam
984 3251 1287 3316 quandam
1298 3250 1539 3304 Stellam
1550 3251 1653 3304 suo
1665 3267 1801 3304 aeuo
1814 3251 2278 3303 animaduertisse
2290 3249 2516 3308 referat,

317 3337 453 3386 quae
473 3328 675 3374 tamen
694 3337 830 3374 cum
849 3329 1079 3374 motum
1093 3322 1355 3387 aliquem
1367 3322 1564 3375 sortita
1577 3322 1749 3374 fuerit
1762 3325 2083 3387 proprium,
2107 3321 2214 3385 (uti
2228 3320 2430 3372 diserte
2446 3335 2517 3371 ex

316 3392 484 3458 Plinij
506 3393 699 3445 verbis
719 3392 1028 3458 colligitur)
1049 3393 1188 3445 huic
1208 3393 1433 3454 nostrae,
1458 3394 1650 3446 eidem
1672 3393 1828 3446 Coeli
1847 3393 1979 3445 loco
1998 3399 2282 3457 perpetuo
2303 3390 2515 3450 affixae,

2415 3476 2517 3525 per
