2976 4264
449 310 541 362 312
950 304 1556 358 ASTRONOMIAE
1582 303 2145 357 INSTAURATAE

446 451 686 515 septimo
712 447 978 499 videlicet
1003 446 1231 498 senario
1252 448 1379 511 jam
1404 445 1836 509 propemodum
1863 443 2089 498 exacto:
2119 452 2377 509 tuncque
2405 448 2469 497 in
2495 461 2642 510 prae-

448 525 619 585 cipuo
639 522 837 583 vigore
858 517 1052 569 Stellae
1073 517 1325 568 Decreta
1350 515 1548 567 futura
1574 516 1626 567 8(
1651 516 2047 581 principaliter
2072 516 2127 568 se
2154 516 2446 568 ostensura
2471 519 2644 569 annis

446 590 761 656 praesertim
788 588 1012 652 aliquot
1037 587 1425 651 sequentibuS,
1456 586 1589 638 satis
1615 587 1992 650 probabiliter
2012 585 2325 653 conjectari
2350 587 2497 648 licet,
2524 586 2645 652 post

446 661 712 713 videlicet
732 659 1089 723 completum
1109 674 1145 710 a
1165 664 1305 710 nato
1328 656 1554 709 Christo
1574 657 1824 709 Annum
1843 658 1986 710 1632.
2009 664 2111 710 aut
2137 661 2375 719 circiter,
2404 658 2644 722 quando

448 735 624 784 etiam
643 730 883 795 Trigoni
909 732 1080 794 ignei,
1109 731 1276 794 cujus
1301 728 1431 779 haec
1452 727 1631 780 Stella
1654 728 2063 794 antefignatrix
2083 731 2281 789 extitit,
2309 732 2473 794 vigor
2493 735 2548 781 et
2568 728 2645 780 ef-

447 801 626 854 fectus
648 800 940 852 elucescet.
964 800 1186 852 Omnia
1206 802 1365 850 enim
1379 798 1574 851 Stellae
1594 799 1774 864 hujus
1789 800 2063 852 Portenta
2082 816 2218 852 cum
2237 800 2350 852 hac
2363 799 2645 865 Trigono-

447 889 579 925 rum
604 872 865 937 period0‚
892 886 1172 936 magnam
1196 870 1382 922 sortiri
1408 869 1747 935 analogiam
1767 871 1984 935 judico.
2013 871 2082 923 Et
2102 871 2142 922 fi
2161 871 2404 935 septima
2422 870 2552 923 haec
2573 870 2648 922 est

447 947 810 1009 trigonorum
841 945 904 994 in
936 945 1226 1007 integrum
1259 941 1333 993 ab
1362 941 1519 993 Orbe
1550 942 1785 993 condito
1817 942 2110 1002 restituti0,
2144 942 2648 1006 quemadmodum

449 1016 838 1067 communiter
857 1019 1089 1077 recepta
1109 1015 1295 1064 aetatis
1316 1012 1534 1064 Mundi
1554 1016 1887 1064 numeratio
1908 1013 2172 1074 admittit,
2193 1016 2275 1065 ita
2294 1019 2358 1065 ut
2376 1015 2567 1077 prima
2585 1015 2649 1064 in

449 1085 709 1145 Enoch0‚
730 1084 984 1136 secunda
1002 1087 1064 1135 in
1086 1084 1224 1135 Noa
1238 1083 1290 1135 8(
1305 1083 1548 1144 diluui0,
1570 1086 1740 1135 tertia
1754 1086 1817 1135 in
1832 1084 1998 1135 Mose
2014 1084 2066 1136 8(
2080 1084 2426 1136 liberatione
2445 1083 2650 1149 populi

449 1173 486 1209 a
504 1157 772 1208 servitute
786 1155 1148 1221 AEgyptiaca,
1170 1161 1380 1219 quarta
1399 1157 1462 1205 in
1482 1154 1734 1219 Regibus
1755 1154 2092 1216 IsraeliticiS,
2115 1158 2320 1220 quinta
2339 1158 2402 1206 in
2423 1154 2650 1207 Christo

450 1228 501 1279 8(
529 1226 901 1279 Monarchiae
929 1227 1215 1278 Romanae
1242 1228 1424 1290 apice,
1450 1225 1608 1277 sexta
1633 1228 1696 1277 in
1717 1225 1937 1278 Carolo
1964 1226 2208 1292 Magno,
2237 1226 2288 1278 8(
2315 1227 2546 1291 Imperij
2577 1225 2652 1277 ad

451 1298 787 1351 Germanos
816 1297 1190 1350 transsatione
1223 1296 1486 1349 absoluta
1517 1296 1595 1357 fit,
1629 1299 1832 1361 utique
1859 1297 2101 1362 septima
2130 1296 2277 1358 haec,
2310 1296 2653 1349 Sabbatismi

2703 1100 2746 1135 10

451 1369 753 1434 quandam
785 1369 1076 1420 occultam
1113 1370 1405 1420 rationem
1437 1367 1672 1428 obtinet,
1713 1363 1733 1436 ΙΙ
1773 1368 1825 1419 8(
1855 1384 1979 1433 prae
2012 1371 2235 1421 caeteris
2271 1368 2568 1433 peculiare
2601 1366 2653 1419 8(
2684 1376 2772 1420 806

450 1443 649 1506 magni
668 1443 953 1492 momenti
974 1440 1115 1504 quid
1135 1440 1467 1491 denunciat.
1489 1438 1602 1490 Vbi
1625 1439 2135 1492 animaduersione
2162 1439 2403 1505 dignum
2431 1439 2653 1499 cense0,

452 1511 610 1576 quod
630 1511 811 1563 veluti
831 1511 950 1563 illae
971 1511 1354 1562 restitutiones
1374 1513 1690 1575 trigonicae,
1719 1526 1855 1575 quae
1874 1513 2088 1575 impari
2107 1526 2359 1563 numero
2380 1510 2655 1562 exhibitae

451 1583 595 1644 sunt,
610 1583 771 1634 velut
783 1585 991 1647 prima,
1005 1585 1175 1634 tertia
1190 1581 1241 1633 &
1256 1584 1478 1646 quinta,
1499 1581 1779 1633 salutares
1794 1582 2030 1634 Mundo
2044 1581 2303 1634 fuerunt:
2326 1582 2417 1634 Sic
2433 1588 2487 1633 et
2500 1581 2656 1633 hanc

452 1654 755 1718 septimam
775 1669 1026 1705 numero
1046 1655 1259 1718 impari
1278 1655 1574 1717 praecipue
1595 1653 1964 1718 gaudentem,
1985 1655 2185 1718 magni
2200 1653 2501 1719 cujusdam
2513 1653 2657 1705 boni

454 1725 506 1776 8(
531 1725 806 1776 felicioris
831 1725 1005 1777 status
1033 1725 1136 1776 esse
1162 1726 1586 1788 praenunciam.
1619 1724 1831 1788 Neque
1859 1727 2037 1776 etiam
2066 1724 2195 1776 haec
2222 1741 2259 1777 a
2284 1723 2656 1776 vetustissimis

453 1796 993 1879 sapientissimorum
1008 1802 1062 1848 et
1076 1795 1380 1847 Diuinitus
1400 1795 1872 1847 illuminatorum
1891 1794 2206 1847 hominum
2219 1797 2509 1861 vaticinijs
2529 1794 2658 1846 sunt

455 1867 668 1928 aliena,
697 1870 799 1932 qui
824 1874 959 1919 ante
987 1866 1382 1918 uniuersalem
1408 1882 1607 1918 rerum
1633 1869 1904 1918 omnium
1934 1866 2472 1950 conflagrationem,
2502 1868 2657 1931 paci-

455 1938 634 1990 ficum
661 1938 961 2002 quoddam
988 1938 1040 1989 8(
1066 1953 1310 1990 concors
1335 1937 1595 1989 seculum
1621 1937 1990 2002 aliquamdiu
2015 1940 2076 1989 in
2102 1940 2269 1989 terris
2288 1937 2569 1998 futurum,
2596 1940 2659 1988 in

457 2025 575 2074 quo
608 2009 984 2061 Politicarum
1016 2009 1599 2068 administrationum,
1641 2015 1695 2060 et
1726 2011 2024 2061 varietatis
2059 2008 2411 2074 religionum
2442 2007 2658 2061 tumul-

455 2083 664 2132 tuariae
691 2079 1058 2132 confusiones
1084 2080 1640 2140 transmutabuntur,
1669 2079 1720 2131 8(
1747 2080 1822 2131 ad
1850 2079 2092 2132 Diuinae
2115 2079 2405 2132 voluntati
2431 2079 2658 2132 confor-

456 2154 706 2203 miorem
720 2150 1057 2216 analogiam
1072 2150 1522 2215 adaptabuntur,
1535 2153 1834 2203 vaticinati
1847 2150 1991 2203 sunt.
2009 2151 2186 2215 Quod
2202 2151 2253 2202 &
2269 2166 2341 2202 ex
2355 2150 2659 2216 Prophetis

457 2221 590 2287 ipsis
619 2238 742 2274 non
771 2222 1009 2274 obscure
1040 2222 1309 2287 colligere
1339 2222 1487 2282 licet,
1521 2225 1623 2286 qui
1652 2237 1903 2274 aureum
1933 2222 2234 2287 quoddam
2265 2222 2525 2274 seculum
2556 2220 2659 2274 ali-

460 2293 699 2358 quando
720 2296 782 2344 in
801 2296 967 2345 terris
987 2293 1252 2345 futurum
1268 2294 1682 2358 praedixerunt,
1703 2295 1766 2344 in
1781 2308 1900 2357 quo
1916 2294 2129 2346 cudent
2142 2292 2416 2345 homines
2432 2309 2504 2345 ex
2519 2292 2660 2345 enfi-

459 2365 568 2416 bus
588 2364 702 2416 suis
722 2380 1007 2425 vomereS,
1029 2364 1081 2416 8(
1101 2364 1331 2429 spiculis
1351 2364 1545 2424 falceS‚
1567 2379 1675 2416 nec
1695 2370 1895 2429 gentes
1915 2364 2050 2416 aliae
2067 2364 2198 2430 alijs
2212 2380 2381 2417 arma
2393 2364 2659 2424 inferent,

460 2451 568 2487 nec
589 2435 843 2500 amplius
863 2435 1018 2487 bella
1038 2435 1273 2487 discent:
1295 2436 1503 2501 degent
1515 2435 1616 2487 sub
1631 2435 1746 2487 suis
1760 2436 1973 2487 vitibus
1987 2451 2055 2488 ac
2070 2435 2314 2497 ficubuS,
2336 2441 2661 2488 exterrente

461 2506 643 2567 nu110,
665 2513 728 2558 ut
748 2505 925 2559 habet
945 2505 1217 2558 Micheas
1237 2506 1530 2571 Propheta
1551 2522 1674 2571 cap.
1696 2507 1746 2558 4.
1775 2506 1844 2558 Et
1864 2507 2063 2559 Esaias
2084 2522 2208 2572 cap.
2230 2508 2291 2559 11.
2312 2509 2663 2559 vaticinatur

461 2578 532 2629 de
554 2578 763 2629 eodem
783 2581 845 2629 in
865 2577 1025 2630 hunc
1045 2578 1313 2630 modum:
1340 2577 1674 2629 Versabitur
1695 2593 1830 2629 cum
1850 2593 2004 2643 agno
2024 2578 2216 2643 lupuS‚
2242 2577 2663 2642 accubabitque

461 2649 677 2713 pardus
698 2648 890 2710 haedo,
913 2648 1335 2713 copulatosque
1356 2648 1607 2701 vitulum
1623 2648 1674 2700 8(
1691 2648 1927 2700 leonem
1949 2649 2120 2701 ducet
2138 2665 2285 2714 puer
2304 2649 2592 2714 paruulus
2612 2647 2665 2700 8(

461 2735 641 2772 vacca
654 2720 937 2785 ursusque
950 2720 1406 2785 compascentur‚
1421 2719 1883 2772 concubantibus
1899 2735 2107 2772 eorum
2120 2720 2313 2784 pullis,
2328 2719 2379 2772 8(
2390 2719 2484 2772 leo
2498 2734 2664 2772 more

461 2790 644 2842 boum
675 2791 849 2855 palea
878 2791 1151 2852 vescetur,
1186 2798 1241 2844 et
1271 2791 1432 2844 ludet
1463 2791 1634 2856 super
1665 2791 1875 2856 aspidis
1907 2790 2176 2844 foramen
2207 2789 2426 2844 lac'tens
2451 2790 2663 2851 infanS,

462 2861 748 2926 superque
780 2866 1000 2927 viperae
1033 2878 1355 2915 cauernam
1387 2862 1733 2915 delicatulus
1765 2878 1928 2927 puer,
1961 2878 2209 2914 manum
2242 2862 2496 2927 agitabit,
2535 2861 2664 2914 nus-

465 2949 645 2997 quam
664 2933 820 2985 male
841 2941 943 2986 aut
963 2937 1230 2998 nequiter
1249 2933 1348 2986 fiet
1367 2937 1431 2986 in
1450 2949 1586 2985 meo
1606 2932 1801 2986 sancito
1818 2940 2043 2986 monte:
2066 2936 2351 2998 quoniam
2364 2940 2544 2986 tantae
2560 2935 2665 2985 erit

465 3004 706 3056 Iehouae
736 3008 1083 3070 cognitionis
1111 3004 1289 3069 plena
1316 3004 1515 3066 Terra,
1547 3007 1782 3068 quantis
1812 3007 2072 3069 operitur
2100 3007 2272 3069 aquis
2300 3020 2480 3057 mare.
2510 3004 2666 3056 Tum

466 3077 642 3126 etiam
669 3091 741 3127 ea
766 3092 901 3140 quae
929 3076 1052 3128 Esa.
1082 3076 1166 3128 60.
1194 3077 1270 3128 ad
1295 3076 1594 3142 mysticam
1620 3075 2099 3141 Hierosolymam
2123 3075 2223 3127 seu
2247 3075 2667 3128 Christianismi

465 3144 883 3209 perfectiorem,
915 3163 1096 3211 quam
1122 3146 1422 3208 had‘tenus,
1452 3147 1660 3199 statum
1687 3146 2039 3199 referuntur:
2071 3146 2183 3198 Vbi
2209 3149 2360 3198 inter
2385 3146 2505 3199 alia
2530 3146 2665 3198 dici-

465 3223 580 3267 tur:
608 3232 714 3280 pro
742 3233 859 3269 aere
884 3219 1163 3270 inducam
1190 3234 1422 3279 aurum,
1449 3234 1556 3283 pro
1583 3217 1737 3269 ferro
1764 3224 2088 3282 argentum,
2114 3233 2221 3282 pro
2244 3217 2414 3282 lignis
2434 3232 2533 3278 aes,
2559 3232 2666 3282 pro

2708 1457 2750 1490 15

2705 1657 2733 1700 ‘1‘

2706 1812 2753 1846 20

2709 2168 2755 2202 25

2712 2523 2759 2558 30

2714 2878 2760 2913 35

2715 3232 2763 3267 40

467 3286 758 3350 lapidibus
787 3288 1022 3349 ferrum,
1055 3284 1074 3356 ΙΙ
1106 3288 1477 3353 efficiamque
1504 3296 1567 3341 ut
1596 3287 1703 3352 pro
1729 3288 2339 3340 tuiadministratione
2365 3288 2428 3340 fit
2454 3303 2587 3353 pax,
2615 3286 2667 3339 8(
2699 3294 2784 3338 807

468 3373 575 3421 pro
591 3358 1021 3422 Magistratibus
1036 3359 1282 3424 justicia:
1305 3376 1427 3411 non
1442 3363 1570 3425 jam
1591 3359 1901 3411 crudelitas
1918 3362 1980 3411 in
1997 3361 2100 3411 tua
2112 3361 2281 3419 terra,
2303 3374 2426 3410 non
2439 3359 2669 3480 vastitas

2566 3444 2645 3481 au
