2976 4264
693 318 1574 372 PROGYMNASMATUM
1601 319 1916 372 TERTIA
1943 320 2146 373 PARS
2445 322 2524 373 211

320 458 471 513 rec'te
499 461 738 525 quidem
764 463 862 521 ait,
893 476 965 513 ex
991 461 1036 512 F
1037 463 1148 513 ixis
1174 461 1488 522 SideribuS‚
1520 477 1778 526 quorum
1806 462 1938 514 loca
1963 477 2104 515 vera
2130 461 2414 515 hactenus
2440 465 2524 514 in-

320 539 620 596 comperta
644 532 999 594 manserunt,
1027 532 1276 597 idipsum
1302 536 1445 585 citra
1470 549 1731 585 errorem
1756 549 1879 585 non
1905 534 2256 586 adinueniri.
2283 535 2363 586 At
2383 534 2526 587 dum

321 619 393 655 ex
421 603 752 669 Horologio
778 619 898 655 vno
924 603 1019 655 vel
1048 604 1250 665 altero,
1280 611 1339 656 vt
1364 611 1424 656 vt
1450 605 1828 656 Minutorum
1856 605 2212 657 indicatione
2241 605 2525 671 infignit0‚

319 674 475 727 hanc
513 674 1019 740 inuestigationem
1056 675 1334 740 perficere
1372 675 1588 741 satagit,
1623 678 1774 728 inter
1800 675 2056 742 Scyllam
2083 676 2135 728 &
2162 675 2527 742 Charybdim

249 763 271 797 5
320 748 562 811 nauigat
588 745 641 797 &
666 762 854 798 vnum
878 749 1161 798 vorticem
1190 747 1509 807 declinam,
1540 747 1792 799 alterum
1820 763 1944 799 non
1970 748 2206 800 deuitat.
2238 748 2325 799 Ex
2352 747 2525 800 horo-

319 816 488 882 logijs
521 820 697 878 enim,
737 833 1094 882 quacunque
1126 818 1367 870 tandem
1398 818 1724 879 subtilitate,
1762 818 1814 869 &
1849 818 2150 884 diligentia
2180 817 2525 879 fabrefacti&

318 895 442 940 tam
469 888 752 953 exquisita
775 896 1111 954 temporum
1136 896 1456 951 momenta,
1485 905 1620 954 quae
1647 889 1744 941 hic
1763 890 1859 941 vel
1884 892 1946 941 in
1971 890 2241 954 pauculis
2261 890 2527 942 secundis

320 962 553 1024 cognita
590 962 985 1024 requiruntur,
1024 976 1148 1012 non
1182 967 1307 1013 tuto
1340 961 1783 1025 depromuntur,
1823 963 1991 1013 cuius
2023 964 2107 1013 rei
2138 962 2283 1025 Cap.
2311 962 2332 1012 1
2362 977 2526 1014 occa-

319 1030 508 1083 fiones
528 1031 900 1083 adduximus,
921 1031 1117 1084 Taceo
1138 1047 1313 1092 nunc,
1335 1032 1495 1096 quod
1510 1032 1832 1084 Meridiani
1847 1031 2002 1085 Situs
2023 1032 2365 1085 adamussim
2385 1035 2527 1085 citra

229 1118 271 1152 ιο
319 1101 502 1154 vllam
522 1103 924 1155 deuiationem
943 1102 1042 1155 hic
1061 1105 1224 1168 prius
1242 1103 1500 1155 constare
1520 1104 1736 1155 necesse
1756 1102 1987 1156 habeat.
2010 1104 2078 1155 Et
2093 1104 2253 1168 quod
2267 1106 2526 1156 maxime

320 1173 768 1234 desiderabatur,
804 1174 970 1226 locus
995 1174 1113 1238 ipse
1139 1174 1291 1226 Solis
1323 1174 1593 1226 nondum
1624 1177 1706 1227 ita
1738 1190 1811 1226 ex
1835 1174 1968 1226 vllis
1993 1174 2236 1227 Tabulis
2263 1178 2527 1240 cognitus

321 1244 411 1305 est,
444 1251 504 1296 vt
535 1245 620 1296 illi
652 1244 808 1297 113116
837 1245 1232 1310 Pragmatiam
1263 1246 1647 1310 superstruere
1681 1248 1822 1298 citra
1855 1246 2191 1298 euidentem
2221 1262 2480 1298 errorem
2506 1241 2527 1314 ΙΙ

201 1324 289 1367 698
321 1315 650 1368 consultum
669 1315 857 1368 fuerit.
886 1317 956 1368 Et
975 1316 1016 1368 11
1036 1316 1153 1381 ipse
1173 1318 1366 1369 Autor
1385 1317 1543 1369 diem
1562 1318 1896 1378 annotasset,
1925 1333 2045 1382 qua
2063 1317 2219 1370 hanc
2241 1317 2526 1370 Obserua-

318 1389 542 1439 tionem
555 1402 663 1451 pro
677 1387 1027 1440 Ascenfione
1042 1387 1198 1441 recta
1212 1388 1410 1440 Nouae
1425 1387 1621 1440 816118
1635 1389 2040 1453 conquirenda
2053 1389 2305 1450 instituit,
2327 1391 2526 1453 vtique

228 1475 270 1509 1⁵
320 1473 393 1510 ex
425 1458 628 1510 nostris
661 1458 904 1511 Tabulis
936 1466 1039 1511 aut
1072 1459 1582 1524 Ephaemeridibus
1614 1458 1765 1512 (11ἂο
1798 1475 1922 1524 cap.
1952 1461 1989 1512 1.
2023 1459 2294 1512 exhibitis
2326 1460 2526 1525 palam

318 1529 500 1591 fieret,
528 1546 711 1594 quam
738 1533 967 1582 enormi
992 1530 1125 1582 loco
1152 1530 1321 1592 Solis,
1353 1531 1732 1595 quoscunque
1759 1530 1999 1583 tandem
2025 1530 2365 1583 adhibuisset
2389 1530 2525 1583 hac-

318 1607 489 1653 tenus
509 1608 773 1666 receptos
794 1602 1092 1663 Canones,
1113 1602 1246 1654 vsus
1265 1602 1454 1663 fuerit,
1477 1601 1530 1653 &
1550 1608 1840 1667 quantum
1859 1602 1955 1654 vel
1974 1602 2087 1655 hac
2106 1602 2228 1655 sola
2247 1602 2319 1654 de
2341 1603 2526 1655 6311133

319 1672 514 1725 816118
529 1672 944 1725 Α166111101168
958 1671 1254 1726 166138111
1267 1673 1445 1726 (161113
1457 1673 1808 1738 protruserit.
1831 1674 1995 1725 Dum
2010 1676 2170 1725 enim
2183 1673 2338 1726 hanc
2353 1673 2528 1725 efficit

319 1744 404 1796 53.
434 1744 519 1796 Μ.
549 1744 700 1796 vltra
728 1742 1194 1797 intersectionem
1219 1745 1498 1806 Vernam,
1530 1760 1663 1797 eam
1692 1745 1777 1796 26.
1806 1745 1892 1797 M.
1923 1745 2055 1810 plus
2085 1745 2229 1797 iusto
2259 1745 2525 1810 adauget.

224 1830 271 1865 20
321 1815 459 1867 Erat
485 1818 646 1867 enim
664 1817 950 1868 verissima
970 1816 1165 1868 816118
1185 1816 1457 1868 Ascenfio
1484 1815 1641 1869 16613
1659 1816 1718 1868 P.
1739 1816 1789 1868 Ο.
1814 1814 1848 1881 Ι.
1870 1817 1984 1871 261.
2013 1832 2195 1881 quam
2220 1816 2318 1868 ille
2346 1816 2526 1881 duplo

319 1889 610 1939 maiorem
635 1887 902 1948 reddenS,
928 1887 1112 1940 ferme
1139 1888 1362 1953 dimidij
1388 1888 1628 1940 Gradus
1656 1889 1938 1940 excessum
1965 1890 2286 1940 committit.
2315 1888 2526 1952 Neque

320 1961 499 2010 etiam
523 1958 774 2023 idipsum
801 1959 961 2023 quod
987 1962 1084 2021 ait,
1110 1959 1449 2011 Ascenfioni
1475 1957 1647 2011 16618
1675 1959 1761 2011 M.
1783 1959 1868 2012 53.
1890 1962 1953 2010 in
1973 1959 2267 2024 Ecliptica,
2295 1958 2527 2023 respon-

319 2029 457 2082 dere
478 2029 564 2082 M.
585 2030 671 2082 50.
693 2030 765 2082 (16
786 2033 978 2095 primo
1000 2030 1211 2083 Gradu
1234 2039 1316 2091 V,
1338 2034 1444 2083 rite
1465 2030 1703 2083 constat:
1729 2046 1865 2082 cum
1885 2033 2079 2095 potius
2099 2030 2185 2082 illi
2205 2030 2529 2083 debeantur

320 2101 406 2153 M.
415 2101 501 2154 58.
513 2100 650 2154 fere.
668 2101 870 2165 Quare
883 2101 935 2153 &
946 2108 1175 2163 caetera,
1191 2118 1326 2167 quae
1340 2102 1751 2167 superinducit,
1767 2104 1965 2154 minus
1975 2101 2174 2154 valida
2187 2101 2331 2153 sunt.
2349 2101 2527 2154 Colli-

225 2188 271 2223 25
319 2174 398 2237 git
417 2172 807 2225 nihilominus
826 2173 1067 2225 tandem
1089 2173 1214 2237 (sua
1233 2174 1491 2238 quadam
1506 2175 1621 2234 via,
1636 2180 1697 2225 vt
1710 2180 1769 2225 vt
1789 2176 2058 2226 intricata
2077 2173 2371 2234 incedens,
2393 2188 2529 2224 cum

320 2243 508 2296 multo
533 2244 767 2308 planior
793 2245 920 2296 dari
947 2244 1128 2310 possit)
1154 2245 1214 2297 id
1241 2246 1400 2310 quod
1426 2245 1781 2306 intendebat,
1808 2261 1932 2296 non
1954 2244 2133 2309 vsque
2160 2244 2310 2297 adeo
2331 2260 2368 2296 a
2387 2260 2528 2295 vero

320 2317 568 2376 tramite,
590 2331 710 2380 quo
731 2315 806 2367 ad
827 2315 956 2368 haec
977 2316 1311 2368 dedomena
1324 2316 1692 2368 Ascenfionis
1712 2314 1884 2368 rectae
1906 2315 1958 2367 &
1979 2316 2424 2375 Declinationis,
2446 2315 2527 2366 di-

321 2386 605 2451 gredienS,
634 2387 1088 2452 Longitudinem
1107 2388 1375 2440 videlicet
1395 2387 1591 2440 816118
1612 2390 1674 2439 111
1694 2388 1752 2439 Ρ.
1775 2388 1824 2439 7.
1849 2385 1883 2452 Ι.
1906 2387 1978 2439 10.
1996 2389 2079 2447 8:
2107 2387 2204 2439 vbi
2230 2389 2292 2438 in
2320 2392 2529 2450 quarta

321 2458 536 2523 gradus
555 2464 719 2522 parte
741 2474 876 2510 eam
896 2459 1091 2511 debito
1111 2459 1449 2511 vlteriorem
1467 2459 1676 2510 reddit:
1702 2457 2209 2522 quemadmodum
2228 2458 2393 2509 locus
2413 2456 2527 2516 ille,

227 2544 274 2578 30
324 2544 503 2593 quem
523 2544 633 2581 nos
654 2545 778 2594 cap.
794 2531 843 2582 5.
859 2530 1255 2595 multipliciter
1275 2533 1497 2595 experti
1516 2530 1731 2589 sumuS‚
1754 2532 1856 2593 qui
1875 2529 2014 2581 sena
2029 2529 2267 2580 Minuta
2281 2528 2357 2580 ad
2372 2528 2529 2580 Sexti

325 2600 565 2652 Gradus
592 2600 1048 2665 completionem
1073 2603 1331 2666 requirit,
1358 2601 1606 2653 testatur.
1636 2601 1704 2652 In
1730 2600 2038 2652 latitudine
2059 2599 2254 2652 816118
2274 2598 2528 2664 praefini-

324 2671 479 2722 enda
504 2671 903 2723 insensibiliter
927 2672 1178 2724 deflexit.
1207 2672 1372 2723 Dum
1399 2675 1559 2723 enim
1585 2671 1749 2723 illam
1769 2671 1955 2722 reddit
1976 2671 2034 2722 P.
2056 2671 2141 2723 53.
2166 2668 2200 2735 Ι.
2222 2671 2307 2722 44.
2329 2670 2530 2722 saltem

323 2744 498 2794 vnico
518 2742 759 2794 Minuto
780 2758 817 2794 a
836 2742 1029 2795 nostra
1048 2745 1394 2794 inuentione
1415 2742 1633 2794 ibidem
1653 2742 2044 2793 demonstrata
2063 2741 2270 2793 deficit.

395 2813 619 2864 Verum
639 2829 759 2878 quo
780 2813 1046 2877 idipsum,
1068 2813 1228 2878 quod
1249 2814 1505 2866 diximus
1525 2813 1792 2878 planiore
1812 2815 2043 2865 tramite
2063 2813 2138 2865 ad
2159 2819 2379 2864 metam
2398 2827 2528 2877 pro-

230 2900 276 2934 35
325 2883 570 2949 pofitam
595 2885 831 2948 potuisse
858 2884 1014 2936 hanc
1040 2887 1448 2949 operationem
1474 2884 1699 2945 deduci,
1731 2884 1783 2935 &
1812 2884 1972 2948 quod
1997 2886 2062 2944 is,
2092 2883 2226 2935 licet
2251 2883 2531 2948 perplexa

325 2957 571 3016 ratione,
592 2970 700 3007 nec
722 2958 900 3007 etiam
919 2955 1052 3007 satis
1069 2955 1169 3008 fibi
1184 2955 1495 3016 constante,
1517 2971 1637 3020 quo
1651 2955 1727 3007 ad
1741 2955 1863 3020 ipsa
1876 2955 2147 3019 requisita
2160 2955 2292 3007 vsus
2307 2954 2386 3014 fit,
2407 2970 2531 3006 non

325 3033 526 3078 tamen
556 3029 810 3078 nimium
842 3026 917 3078 ab
945 3026 1149 3078 vltimo
1181 3029 1433 3078 termino
1465 3026 1846 3091 longitudinis
1876 3025 1928 3077 &
1957 3026 2306 3079 Latitudinis
2335 3024 2530 3078 816118

325 3097 715 3162 praefiniendo
730 3097 1047 3158 deflexerit,
1066 3097 1472 3162 conspiciatur:
1494 3097 1654 3150 lubet
1667 3097 1764 3149 hic
1778 3104 2038 3162 repetere
2054 3098 2306 3149 eandem
2319 3096 2530 3162 figura-

326 3171 566 3229 tionem,
589 3183 771 3233 quam
790 3184 901 3220 nos
921 3168 1233 3233 aliquoties
1253 3184 1378 3234 cap.
1394 3170 1443 3222 5.
1466 3168 1518 3220 8(
1537 3169 1733 3234 postea
1752 3168 2088 3221 nonnullibi
2106 3171 2169 3220 in
2190 3168 2384 3221 816118
2405 3168 2530 3220 1011-

233 3255 279 3290 4ο
326 3239 587 3305 gitudine
608 3246 784 3304 atque
804 3239 1110 3292 latitudine
1132 3255 1205 3291 ex
1221 3239 1358 3292 data
1373 3243 1499 3292 eius
1513 3240 1863 3292 Ascenfione
1878 3238 2053 3293 Recta
2066 3247 2242 3305 atque
2257 3239 2530 3291 Declina-

326 3313 486 3363 tione
499 3310 941 3376 peruestiganda
951 3311 1377 3376 vsurpauimus.
1391 3311 1503 3364 Vbi
1514 3314 1688 3363 vnico
1699 3311 2021 3377 Triangulo
2031 3318 2220 3363 totum
2231 3313 2531 3376 negotium

328 3383 780 3434 commodissime
806 3381 1141 3434 absoluitur.
1169 3382 1252 3434 Sit
1274 3385 1473 3447 itaque
1492 3385 1556 3434 in
1575 3384 1848 3448 assignata
1866 3382 2215 3448 figuratione
2237 3383 2348 3434 BA
2369 3380 2529 3434 diffe-

471 3464 539 3499 27⁸
2343 3454 2531 3504 tentia
