2976 4264
473 292 578 344 220
977 285 1585 340 ASTRONOMIAE
1611 285 2175 339 INSTAURATAE

472 433 675 485 frustra
695 433 1013 495 opinantur
1031 428 1334 492 Astrologi,
1357 427 1725 479 existimauit:
1752 430 1948 492 potius
1967 426 2184 480 horum
2204 428 2434 482 friuolae
2455 433 2672 482 autori-

471 507 589 564 tati,
612 517 793 566 quam
812 501 1085 551 Veritatis
1105 499 1485 563 indagationi,
1513 504 1615 550 aut
1635 504 1807 550 certae
1828 501 2059 560 rationi,
2081 502 2382 564 negotium
2402 499 2516 552 hoc
2537 517 2672 553 con-

473 573 726 626 credidit.
758 570 1115 623 Nullatenus
1145 572 1304 621 enim
1331 569 1598 621 Cometae
1623 568 1968 621 sublunares
1993 569 2138 631 sunt,
2169 577 2271 622 aut
2297 586 2329 622 e
2354 571 2674 636 vaporibus

473 644 725 703 conflati,
747 658 855 694 nec
869 641 1247 693 Planetarum
1266 640 1454 701 faetuS,
1476 646 1578 692 aut
1598 639 1815 692 horum
1835 641 2197 693 incendium:
2219 641 2401 694 veluti
2422 658 2494 694 ex
2513 642 2676 695 libris

471 714 843 779 sequentibus
869 713 999 764 luce
1024 712 1355 764 meridiana
1379 706 1776 779 perspe-ssc'tius
1803 711 2030 764 euadet.
2061 712 2274 777 Neque
2304 712 2528 778 aliquid
2556 713 2674 766 huc
2707 723 2793 766 707

473 785 849 845 conducebat,
871 784 1030 848 quod
1050 783 1267 848 Iupiter
1286 782 1387 834 sub
1409 782 1904 834 Dodecatemorio
1924 782 2107 835 Tauri
2127 782 2435 845 ferebatur,
2455 791 2516 836 vt
2534 791 2595 836 vt
2613 780 2677 836 i'n

471 857 600 918 hoc,
623 855 817 909 Stellae
837 855 1018 915 locus,
1041 869 1160 918 quo
1181 854 1256 906 ad
1277 853 1748 918 Longitudinem,
1769 854 2050 906 inciderit.
2076 854 2331 920 Singulis
2352 858 2512 907 enim
2532 855 2675 908 duo-

471 929 636 980 denis
657 929 846 987 annis,
869 926 1086 991 Iupiter
1098 924 1283 977 Tauri
1301 924 1527 990 lignum
1546 924 1865 989 pertransit,
1886 925 2054 977 nulla
2070 941 2234 978 noua
2247 925 2360 978 hac
2375 926 2676 979 occasione

471 999 546 1051 ad
569 999 933 1062 Cassiopeam
951 1002 1258 1061 procreata
1278 995 1474 1056 Stella,
1496 1001 1737 1060 eratque
1758 996 1976 1060 Iupiter
1995 996 2245 1058 mobiliS,
2268 997 2447 1050 Stella
2466 1000 2675 1050 immo-

470 1070 623 1122 bilis:
645 1069 748 1120 Ille
762 1072 825 1120 in
839 1068 1115 1128 Zodiac0,
1136 1067 1266 1119 haec
1285 1066 1540 1119 multum
1553 1067 1707 1128 inde,
1728 1066 1926 1119 versus
1940 1067 2196 1120 Boream
2209 1074 2451 1120 remota.
2473 1068 2675 1133 Splen-

472 1142 675 1193 dorem
690 1140 929 1204 quidem
943 1139 995 1191 8(
1011 1139 1271 1191 colorem
1285 1138 1590 1199 Iouialem,
1611 1138 1930 1203 praesertim
1943 1139 2017 1191 ab
2032 1141 2200 1191 initio
2219 1155 2343 1204 prae
2362 1139 2418 1191 se
2438 1139 2675 1201 ferebat,

470 1219 530 1264 vt
550 1215 680 1276 quis
700 1210 1076 1276 plausibiliter
1095 1210 1232 1262 inde
1254 1209 1525 1275 colligere
1545 1212 1814 1275 potuerit,
1842 1210 2084 1262 Iouialis
2110 1216 2341 1263 naturae
2367 1210 2523 1263 fuisse
2545 1226 2676 1276 par-

470 1286 720 1348 ticipem.
748 1283 826 1334 At
847 1298 883 1334 a
903 1282 1046 1334 Ioue
1066 1281 1162 1334 vel
1182 1281 1394 1342 Marte,
1421 1287 1524 1333 aut
1550 1283 1765 1345 quouis
1792 1280 1912 1333 alio
1938 1281 2181 1334 Planeta
2206 1281 2510 1334 accensam
2537 1285 2675 1334 exti-

473 1356 602 1415 tisse‚
623 1354 956 1406 inualidum
977 1353 1067 1415 est,
1089 1355 1371 1417 omnique
1390 1352 1778 1404 fundamento
1799 1352 2144 1405 destitutum.

546 1425 999 1491 Longitudinem
1020 1427 1146 1476 eius
1166 1423 1339 1476 refert
1359 1423 1435 1476 ad
1448 1423 1482 1476 8
1498 1423 1769 1484 Gradhf.
1790 1423 1903 1475 Vbi
1922 1426 2147 1490 integro
2163 1424 2373 1477 Gradu
2385 1424 2519 1489 plus
2532 1424 2677 1477 iusto

474 1497 665 1550 habet.
687 1497 766 1548 At
785 1499 848 1548 in
867 1496 1174 1548 latitudine
1194 1495 1367 1560 longe
1388 1494 1583 1547 adhuc
1596 1494 1837 1547 vlterius
1855 1495 2068 1556 deuiat,
2091 1511 2225 1548 eam
2244 1496 2314 1548 50
2332 1495 2534 1548 saltem
2546 1511 2676 1560 par-

473 1571 621 1620 tium
635 1568 878 1620 faciens:
895 1583 1030 1632 quae
1044 1567 1113 1619 54
1127 1566 1310 1618 ferme
1322 1566 1682 1631 adimpleuit.
1698 1567 1798 1618 An
1809 1566 1923 1618 hoc
1935 1566 2010 1619 est
2022 1567 2475 1620 Obseruationes
2486 1567 2676 1619 Astro-

474 1642 739 1691 nomicas
758 1646 881 1691 tam
899 1638 1112 1690 insoliti
1131 1638 1519 1690 Phaenomeni
1538 1637 1815 1703 proferre,
1838 1653 1973 1690 cum
1993 1641 2056 1689 in
2074 1654 2195 1690 vno
2213 1637 2440 1700 Gradu,
2462 1654 2582 1703 quo
2602 1639 2678 1691 ad

475 1711 944 1776 Longitudinem,
958 1710 1010 1762 8(
1022 1712 1322 1774 quaternis
1335 1724 1487 1774 pene
1501 1711 1564 1760 in
1578 1709 1901 1770 latitudine,
1916 1725 1953 1761 a
1965 1709 2138 1775 scopo
2152 1712 2331 1774 petito
2343 1708 2677 1762 aberretur?

475 1786 511 1834 ὀ
532 1783 932 1842 Instrumenta,
954 1784 990 1833 ὀ
1013 1781 1482 1834 obseruationes,

546 1854 794 1918 Reliqua
820 1868 955 1918 quae
981 1852 1271 1918 subiungit
1296 1853 1368 1904 de
1388 1852 1495 1903 fitu
1515 1854 1642 1904 eius
1663 1851 1822 1917 apud
1843 1851 2015 1904 Sidus
2037 1853 2372 1917 Cassiopeae,
2399 1852 2677 1917 quodque

475 1926 869 1976 Horizontem
893 1940 1018 1976 non
1042 1923 1291 1984 subierit,
1320 1923 1372 1975 &
1397 1923 1652 1975 interdiu
1678 1939 2116 1987 nonnunquam
2135 1923 2256 1976 visa
2278 1923 2357 1985 s1t,
2385 1923 2677 1988 ipfiusque

476 1999 694 2048 eximia
713 1996 1116 2061 magnitudine
1132 1994 1183 2046 8(
1198 1994 1474 2055 claritate,
1495 1993 1659 2046 haud
1677 1996 2003 2059 incongrua
2018 1994 2164 2055 sunt,
2180 1995 2232 2047 8(
2246 2010 2283 2047 3
2297 1997 2511 2059 quouis
2524 1994 2676 2060 spec-

474 2070 585 2119 tari
611 2073 939 2132 potuerant.
968 2066 1095 2118 Nec
1120 2068 1608 2117 inconuenienter
1633 2068 1730 2126 ait,
1757 2081 1891 2117 eam
1913 2072 2143 2118 motum
2162 2065 2396 2118 nullum
2416 2066 2490 2118 ab
2509 2068 2676 2118 initio

475 2138 746 2199 habuisse‚
773 2138 868 2190 sed
887 2153 991 2202 per
1011 2137 1160 2190 duos
1179 2136 1406 2188 menses
1426 2138 1489 2188 in
1510 2136 1719 2188 eodem
1738 2135 1870 2188 loco
1891 2137 2198 2189 constitisse.
2227 2136 2404 2200 Quod
2429 2137 2675 2202 postmo-

477 2210 620 2261 dum
647 2225 751 2274 per
779 2215 893 2261 tres
913 2208 1159 2261 Gradus
1188 2210 1251 2260 in
1280 2208 1551 2269 Boream,
1580 2207 1778 2259 versus
1806 2207 2117 2273 Cepheum
2145 2209 2492 2274 progressam
2519 2208 2676 2261 fuisse

476 2283 572 2341 ait,
603 2280 677 2332 ab
703 2281 1082 2345 Apparentijs
1109 2282 1235 2331 eius
1261 2279 1667 2331 alienissimum
1693 2285 1832 2331 erat.
1863 2279 2074 2344 Sicque
2101 2279 2358 2340 Stellam,
2389 2295 2524 2344 quae
2548 2295 2676 2344 per-

476 2359 654 2416 petuo
674 2358 796 2403 tota
814 2351 918 2403 sua
938 2352 1247 2403 duratione
1267 2366 1343 2402 ne
1363 2352 1536 2402 vnico
1558 2350 1798 2414 quidem
1817 2350 2057 2402 Minuto
2082 2350 2276 2403 sedem
2300 2350 2467 2403 suam
2487 2357 2675 2403 muta-

476 2426 577 2483 uit,
607 2439 732 2474 non
756 2422 876 2474 leui
901 2425 1135 2483 iniuria,
1166 2421 1693 2474 animaduersionis
1718 2424 1947 2474 incuria
1972 2421 2180 2474 affecit.
2211 2422 2424 2487 Neque
2454 2425 2615 2474 enim
2639 2438 2677 2474 a

476 2510 780 2558 quoquam
801 2493 1174 2546 obseruatum
1195 2493 1285 2554 est,
1308 2508 1441 2544 eam
1457 2492 1578 2544 vllo
1598 2492 1795 2554 mod0,
1816 2492 1984 2545 fitum
2004 2493 2307 2558 pristinum
2326 2493 2597 2554 alterasse‚
2617 2499 2677 2545 vt

476 2566 549 2617 ob
579 2565 637 2617 id
666 2567 869 2617 mirari
900 2565 1032 2617 satis
1064 2580 1376 2628 nequeam,
1410 2563 1689 2628 quorsum
1718 2564 2021 2616 Leouitius
2049 2564 2151 2616 ista
2178 2565 2498 2617 asseuerare
2529 2580 2676 2630 prae-

474 2636 747 2688 sumserit.
770 2636 883 2688 Sed
897 2636 1070 2688 video
1089 2636 1347 2696 tandem,
1368 2635 1523 2687 vnde
1543 2638 1606 2687 in
1625 2642 1747 2687 tam
1768 2650 2074 2687 enormem
2095 2651 2355 2688 errorem
2373 2635 2677 2701 prolapsus

474 2707 552 2759 s1t.
575 2708 738 2759 Dum
753 2710 913 2759 enim
927 2707 1323 2759 Instrumentis
1340 2707 1569 2759 idoneis
1591 2706 2004 2768 destitueretur,
2026 2706 2100 2759 ab
2119 2709 2288 2759 initio
2307 2706 2677 2759 latitudinem

476 2782 617 2839 eiuS‚
632 2785 885 2843 quatuor
896 2779 1078 2831 ferme
1092 2778 1274 2831 Grad.
1286 2780 1540 2830 nimium
1551 2775 1884 2830 coarctauit.
1898 2777 2114 2841 Quam,
2128 2794 2264 2830 cum
2273 2778 2484 2843 postea,
2495 2777 2677 2843 paulo

475 2853 803 2902 accuratius
817 2850 1058 2902 Stellam
1074 2849 1359 2901 intuendo
1374 2849 1426 2901 8(
1441 2849 1517 2901 3(1
1530 2851 1754 2901 vicinas
1770 2849 2088 2915 Cassiopeae
2104 2849 2477 2909 conserendO,
2497 2852 2677 2901 ternis

475 2928 576 2973 aut
608 2924 830 2973 circiter
860 2921 1041 2973 Grad.
1073 2919 1395 2973 auc'tiorem
1427 2921 1931 2981 animaduertisset‚
1966 2920 2314 2973 existimauit
2345 2936 2479 2973 eam
2509 2926 2678 2972 motu

476 2993 735 3056 quodam
763 2995 1002 3057 proprio
1027 2991 1225 3043 versus
1252 2992 1506 3044 Boream
1535 2991 1854 3044 ascendisse.
1885 2992 1998 3044 Sed
2026 2992 2128 3044 ista
2156 2992 2453 3057 diuagatio
2481 2994 2676 3056 potius

475 3063 649 3127 ipfius
675 3066 935 3115 erroneis
966 3063 1029 3127 (fi
1055 3078 1190 3128 quae
1217 3062 1507 3127 adhibuit)
1536 3063 1804 3128 OrganiS‚
1833 3062 1885 3114 8(
1912 3062 2324 3115 collimationis
2349 3062 2675 3115 hallucina-

475 3137 650 3194 tione,
673 3137 924 3199 contigit,
946 3150 1129 3199 quam
1149 3134 1309 3198 quod
1328 3135 1539 3186 reuera
1557 3133 1672 3186 tale
1694 3134 1834 3198 quid
1855 3134 1957 3199 ipsi
1977 3133 2171 3186 Stenae
2192 3139 2561 3199 competeret.

547 3204 677 3256 Fuit
702 3204 796 3257 hic
821 3206 1028 3266 Amor,
1057 3206 1392 3271 Cyprianus
1418 3205 1739 3266 LeouitiUS,
1765 3205 2134 3270 Astrologicis
2159 3204 2674 3257 vaticinationibus

475 3276 789 3340 impensius
820 3275 1097 3337 addictus
1131 3277 1343 3340 quibus
1376 3282 1560 3328 totam
1591 3275 1744 3340 pene
1773 3282 2008 3328 aetatem
2037 3278 2407 3328 contriuerat.
2441 3276 2511 3327 Et
2541 3275 2673 3327 licet

475 3346 661 3398 multa
680 3349 742 3398 in
762 3346 869 3407 his,
896 3363 1113 3412 magna
1133 3363 1275 3399 cura
1296 3347 1347 3398 8(
1368 3346 1667 3411 diligentia
1685 3362 1808 3411 prae
1829 3346 1960 3412 alijs
1980 3346 2328 3411 quibusdam
2346 3346 2672 3411 Astrologa-

2552 3417 2674 3469 stris

2730 1085 2773 1121 10

2730 1442 2772 1477 15

2724 1797 2771 1832 20

2725 2153 2771 2189 25

2725 2866 2771 2901 35

2724 3220 2770 3255 40
