2976 4264
647 315 1526 370 PROGYMNASMATUM
1552 315 1866 368 TERTIA
1892 315 2095 369 PARS
2404 316 2472 370 87

274 460 516 519 issemuS,
546 458 693 511 forte
718 459 891 524 plura
917 459 1474 524 compraehenderet,
1506 475 1640 523 quae
1667 458 2120 523 disquifitionem
2144 459 2474 512 vberiorem

273 537 653 582 mererentur.
675 530 899 582 Verum
918 530 1010 583 his
1030 547 1189 583 nunc
1210 533 1482 592 contenti,
1505 530 1716 595 quibus
1738 532 1915 582 etiam
1934 534 2234 596 praecipua
2254 531 2336 595 (vt
2357 534 2473 583 exi-

274 600 462 665 stimo)
482 600 662 653 huius
682 601 877 654 Stellae
899 602 1279 654 confideratio
1300 601 1533 654 discussa
1554 601 1644 661 est,
1666 601 1785 653 alio
1806 617 1915 653 nos
1936 601 2322 655 conferemus,

344 673 687 737 Antequam
700 688 842 725 vero
857 673 1175 737 Hispanias
1190 673 1571 738 egrediemur,
1587 673 1954 724 Eruditissimi
1968 673 2269 726 cuiusdam
2282 674 2474 725 Philo-

203 761 226 795 ⁵
274 742 457 808 sophi,
478 743 764 796 Francisci
777 743 1028 810 Vallefij,
1050 744 1167 796 illic
1185 747 1363 796 etiam
1377 744 1653 809 degentiS,
1675 743 2036 796 Sententiam
2051 760 2233 808 quam
2247 746 2475 797 erudito

273 814 451 937 lLibro
472 814 544 867 de
565 814 744 867 Sacra
762 814 1156 880 Philosophia,
1183 831 1307 867 non
1332 818 1413 867 ita
1439 814 1665 867 dudum
1685 814 1961 880 euulgato
1981 816 2239 877 adduxit,
2266 816 2475 869 scruta-

313 900 486 938 imur.

388 977 1077 1051 FRANCISCVS
1102 976 1686 1051 VALLESIVS
1721 977 2372 1051 COVARRVBI-

1245 1084 1512 1145 ANVS.

186 1198 229 1233 ιο
340 1181 400 1233 N
421 1180 616 1246 Opere
636 1181 739 1233 illo
759 1180 1034 1246 fingulari
1053 1187 1230 1246 atque
1250 1181 1546 1243 industri0,
1573 1181 1681 1232 DE
1708 1181 1802 1234 IIS
1826 1181 2005 1245 QVAE
2030 1183 2365 1236 PHYSICE
2391 1184 2478 1235 IN

364 1251 608 1304 LIBRIS
634 1252 905 1305 SACRIS
932 1252 1256 1304 SCRIPTA
1283 1252 1505 1313 SVNT,
1532 1253 1718 1304 statim
1741 1251 1815 1304 ab
1835 1255 2001 1304 initio
2023 1254 2168 1318 Cap.
2189 1254 2385 1307 Primo
2405 1255 2477 1307 de

276 1323 390 1376 hac
410 1323 589 1376 Stella
608 1323 856 1387 disputat
875 1323 1363 1376 FRANCISCVS
1383 1323 1813 1375 VALLESIVS.
1836 1323 1947 1375 Etfi
1966 1340 2107 1376 vero
2128 1326 2372 1378 Nouam
2390 1325 2477 1378 fu-

276 1396 384 1456 isse,
405 1394 710 1447 admittere
730 1394 893 1455 nolit,
913 1394 1010 1446 sed
1028 1396 1224 1458 potius
1241 1397 1516 1459 exiguam
1533 1395 1837 1459 quandam
1851 1411 1882 1446 e
1896 1396 2204 1457 veteribuS‚
2225 1412 2329 1460 per
2347 1413 2477 1462 par-

276 1472 396 1518 tem
421 1465 686 1530 aliquam
707 1465 959 1518 Orbium
979 1465 1319 1518 Coelestium
1346 1465 1672 1517 denfiorem
1697 1467 2152 1518 intercedentem
2177 1474 2480 1533 tantopere

186 1554 228 1589 15
275 1537 690 1598 illuminatam,
716 1536 970 1601 ideoque
990 1552 1098 1601 pro
1118 1537 1302 1588 Noua
1320 1536 1606 1588 habitam:
1633 1543 1694 1588 vt
1713 1539 1863 1588 inter
1883 1552 1985 1589 eos
2005 1541 2230 1599 merit0,
2251 1555 2376 1590 non
2395 1555 2480 1591 re-

277 1607 599 1661 censendus
617 1607 782 1669 foret,
804 1610 906 1672 qui
925 1607 1081 1660 hanc
1100 1623 1238 1659 vere
1253 1607 1514 1668 Nouam,
1537 1607 1671 1659 &in
1685 1607 2084 1660 Firmamento
2105 1617 2366 1661 recenter
2386 1626 2480 1661 ex-

277 1685 469 1732 ortam
492 1679 878 1739 tradiderunt;
904 1685 1106 1731 tamen
1131 1679 1275 1731 dum
1299 1678 1566 1739 fateatur,
1593 1678 1822 1730 nullam
1847 1679 2102 1731 habuisse
2128 1680 2480 1741 Parallaxin‚

278 1757 454 1815 atque
479 1753 544 1802 in
565 1749 795 1803 Odlaua
815 1749 1063 1815 Sphaera
1089 1750 1337 1811 extitisse,
1363 1756 1485 1802 vtvt
1510 1749 1658 1801 alias
1685 1750 1967 1814 quasdam
1992 1750 2194 1803 causas
2214 1752 2482 1803 Luminis

279 1825 406 1874 eius
425 1828 549 1874 tam
569 1824 765 1887 eximij
788 1821 1131 1886 praetendat,
1152 1837 1277 1873 non
1296 1821 1447 1873 adeo
1467 1823 1896 1873 inconueniens
1918 1824 2039 1882 erit,
2060 1822 2235 1886 ipfius
2256 1826 2481 1888 opinio-

184 1910 231 1945 20
278 1909 419 1945 nem
437 1892 552 1945 hoc
571 1892 704 1945 loco
723 1892 1112 1957 introspicere.
1140 1892 1320 1956 Quod
1338 1899 1399 1944 vt
1417 1895 1673 1957 penitius
1694 1891 1747 1943 &
1766 1891 1976 1944 rectius
1999 1892 2117 1954 fiat,
2146 1893 2267 1958 ipsa
2285 1894 2481 1954 verba,

279 1980 353 2017 ex
381 1962 516 2017 dicti
544 1964 702 2016 Libri
732 1964 942 2028 Capite
971 1964 1168 2016 Primo
1200 1963 1299 2015 hic
1327 1963 1763 2016 annotabimus
1796 1963 2106 2028 Postquam
2138 1967 2314 2026 enim,
2348 1981 2482 2029 quae

280 2036 489 2100 Capite
503 2035 561 2088 18
575 2035 944 2088 EcclefiaRici
960 2034 1269 2096 habentur,
1293 2033 1416 2099 Oui
1427 2034 1586 2087 uiuit
1595 2034 1660 2086 in
1675 2037 1999 2097 aeternum,
2022 2035 2264 2088 creauit
2277 2036 2484 2088 omnia

272 2104 466 2173 simuI,
497 2122 686 2171 eaque
716 2122 789 2158 ex
816 2109 985 2158 initio
1016 2107 1240 2171 Capitis
1269 2106 1524 2158 Secundi
1554 2105 1752 2166 Mofis,
1782 2103 2052 2159 Pcrfecffi
2068 2105 2217 2172 sunt
2247 2106 2402 2160 Coe11·
2428 2107 2491 2159 ἂ

289 2178 494 2240 Terra,
530 2177 594 2231 ἀ
620 2177 828 2231 omnis
859 2180 1122 2230 ornatus
1154 2192 1388 2240 eorum,
1428 2176 1886 2244 compleuitque
1917 2177 2150 2230 DEVS
2177 2177 2275 2231 die
2304 2177 2484 2245 sexta

188 2266 234 2301 25
286 2247 461 2316 Opus
471 2247 673 2316 suum,
694 2249 1025 2310 adduxisset‚
1045 2248 1119 2301 fic
1137 2249 1509 2314 postmodum
1527 2248 1832 2313 subiungit.

355 2317 557 2370 Quibus
575 2318 752 2362 uerbis
771 2317 929 2362 facile
948 2317 1116 2361 refelli
1135 2318 1304 2372 potest
1322 2317 1589 2361 Sententia
1611 2318 1947 2372 quorundam
1961 2317 2376 2373 Astrologorum,
2398 2319 2486 2372 qui

284 2378 504 2421 Stellam
518 2377 684 2430 illam,
706 2390 828 2432 quae
844 2376 1095 2432 superiori
1107 2377 1278 2429 Anno,
1301 2377 1390 2431 qui
1403 2380 1518 2420 erat
1532 2377 1937 2432 septuagesimus
1949 2378 2132 2420 tertius
2149 2378 2302 2432 supra
2317 2381 2486 2421 cente-

284 2437 475 2480 fimum
490 2437 977 2492 quingentesimum,
994 2448 1254 2491 apparere
1268 2436 1427 2491 caepit
1439 2436 1492 2479 in
1505 2448 1642 2491 genu
1655 2436 1780 2479 Cass.
1798 2436 2111 2490 durauitque
2125 2448 2220 2491 per
2233 2449 2484 2492 magnam

284 2496 421 2539 Anni
438 2496 709 2551 praesentis
728 2499 953 2551 partem,
976 2495 1312 2539 affirmarunt
1327 2495 1425 2539 esse
1441 2495 1670 2547 Nouam,
1693 2498 2036 2549 creatamque
2055 2495 2245 2547 denuo,
2267 2507 2374 2538 non
2395 2496 2486 2538 rni-

190 2563 237 2598 30
286 2567 384 2599 nus
410 2567 573 2610 quam
600 2556 853 2610 deceptus
879 2555 953 2599 est
979 2555 1333 2610 Hipparchus,
1362 2555 1574 2598 Nouam
1598 2555 1818 2597 Stellam
1844 2554 1934 2597 suo
1960 2566 2080 2597 aeuo
2109 2555 2158 2597 se
2184 2558 2375 2609 putans
2402 2555 2486 2597 de-

285 2614 651 2670 praehendisse:
668 2615 812 2670 quod
825 2617 1008 2658 narrat
1019 2614 1209 2657 Plinius
1224 2614 1336 2657 Lib.
1346 2614 1389 2656 2.
1401 2614 1525 2668 Cap.
1535 2613 1607 2656 26.
1626 2613 1876 2656 Nondum
1890 2614 2032 2656 enim
2046 2613 2212 2657 fuisset
2224 2612 2485 2668 perfectus

288 2673 460 2717 omnis
475 2677 693 2718 ornatus
707 2674 992 2725 Coelorum,
1015 2674 1050 2716 fi
1070 2673 1160 2716 illa
1173 2674 1334 2716 Stella
1353 2673 1406 2715 in
1424 2673 1529 2716 hoc
1546 2672 1708 2726 usque
1722 2672 1971 2715 Seculum
1986 2673 2224 2716 caruisset
2239 2673 2484 2725 Mundus,

287 2733 513 2787 essetque
527 2733 636 2776 iam
647 2733 862 2776 mutilus
873 2744 1030 2785 nunc,
1046 2744 1113 2775 ex
1123 2744 1229 2786 quo
1241 2732 1386 2787 defijt
1397 2743 1671 2786 apparere.
1688 2732 1872 2786 Itaque
1883 2731 2048 2774 fuisset
2059 2744 2214 2784 nunc,
2231 2732 2272 2773 81
2286 2732 2486 2775 creatio

209 2799 238 2842 ἢ·
287 2793 329 2835 81
349 2791 673 2844 annihilatio,
695 2803 820 2836 cum
841 2792 1090 2846 scriptum
1111 2792 1170 2834 fit
1184 2791 1357 2835 Tertio
1373 2791 1553 2845 Capite
1573 2791 1915 2834 Ecclesiastae:
1937 2790 2122 2834 Didici
2139 2791 2284 2845 quod
2303 2790 2486 2834 omnia

192 2858 238 2894 35
290 2849 472 2905 Opera
490 2850 622 2894 DEI
631 2850 988 2905 perseuerent
1002 2850 1058 2893 in
1074 2851 1420 2905 perpetuum.

359 2910 599 2954 Durasset
624 2911 754 2954 uero
780 2910 870 2953 illa
890 2910 1051 2953 Stella
1077 2910 1251 2953 minus
1270 2909 1439 2952 Anno.
1469 2909 1596 2952 Rern
1621 2908 1859 2964 profed’to
1882 2908 2026 2952 fuisse
2047 2909 2396 2952 admiratione
2417 2909 2488 2951 di-

287 2969 595 3025 gnissimam,
616 2970 702 3013 uel
722 2981 789 3012 ex
808 2969 1157 3024 opinionibus,
1178 2969 1231 3011 in
1252 2980 1384 3023 quas
1397 2968 1508 3011 Viri
1521 2967 1807 3012 Doctissimi
1827 2967 2048 3011 coniecsti
2069 2969 2197 3020 sunt,
2218 2968 2485 3023 intelliges.

289 3029 423 3072 Cum
442 3029 585 3072 enim
603 3029 808 3072 nullam
827 3028 1047 3071 Stellam
1071 3028 1261 3083 primae
1287 3027 1674 3083 magnitudinis,
1704 3028 1874 3082 qualis
1894 3039 1958 3070 ea
1979 3028 2077 3071 esse
2095 3028 2390 3079 uidebatur,
2418 3027 2489 3070 ibi

288 3100 527 3142 unquam
556 3087 770 3131 extitisse
800 3087 1003 3140 scirent,
1035 3087 1304 3130 uideretur
1330 3098 1460 3130 uero
1491 3086 1739 3141 quicquid
1766 3087 1820 3129 id
1848 3087 1984 3139 esset,
2019 3087 2162 3141 quod
2190 3089 2486 3141 appareret,

194 3154 241 3190 4ο
291 3148 445 3203 supra
465 3147 645 3191 Solem
671 3147 785 3199 esse,
814 3147 958 3202 quod
983 3147 1186 3189 nullam
1211 3147 1433 3189 haberet
1450 3146 1762 3198 Parallaxin‚
1790 3146 1874 3201 alij
1898 3146 2115 3190 Stellam
2139 3146 2352 3200 quidem
2373 3145 2486 3196 esse,

290 3218 517 3261 eamque
544 3207 772 3258 Nouam,
800 3206 1165 3249 affirmabant:
1195 3205 1278 3261 alij
1307 3205 1531 3262 (facilius
1555 3205 1660 3249 hoc
1686 3205 1805 3262 rati)
1830 3205 1928 3248 esse
1955 3205 2231 3249 Cometam
2257 3205 2488 3260 genitum

290 3266 428 3309 intra
440 3266 609 3320 ipsum
624 3266 845 3318 Coelum‚
868 3268 1027 3319 atque
1045 3265 1167 3308 inde
1187 3264 1411 3320 agnosci,
1434 3264 1638 3307 Coelum
1658 3277 1765 3308 non
1785 3264 1883 3308 esse
1904 3264 2227 3308 alterationis
2244 3265 2487 3318 incapax,

171 3325 258 3368 573
290 3328 348 3368 ut
372 3323 394 3384 ΙΙ
421 3326 674 3369 censetur.
706 3325 810 3368 Sed
839 3324 962 3379 quia
989 3324 1094 3368 hoc
1124 3324 1254 3367 mihi
1282 3323 1608 3367 durissimum
1636 3324 1859 3375 uidetur,
1889 3324 2017 3366 illud
2041 3324 2253 3378 prorsus
2282 3323 2486 3373 falsum,

291 3384 479 3428 censeo
505 3384 725 3428 Stellam
749 3384 897 3427 illam
924 3385 956 3427 a
984 3383 1167 3427 Mundi
1194 3383 1452 3438 principio
1480 3383 1678 3426 ibidem
1704 3382 1992 3434 constitisse‚
2027 3394 2090 3426 ac
2120 3393 2259 3425 nunc
2289 3385 2486 3431 extare,

2216 3446 2488 3507 exiguam
