2976 4264
842 304 1531 358 ANNOTATIONES
1558 305 1960 360 EDITORIS
2396 309 2501 362 399

305 441 593 484 confecerit
619 446 777 496 atque
803 443 855 486 in
881 456 979 487 usu
1005 444 1268 497 habuerit;
1297 445 1436 487 hunc
1465 448 1645 488 autem
1667 445 1803 488 sicut
1822 446 1983 489 etiam
2003 447 2211 490 radium
2233 450 2500 502 quendam

304 513 741 565 astronomicum,
769 515 918 569 cujus
944 515 1213 570 longitudo
1239 516 1427 559 decem
1453 516 1650 570 pedum
1673 516 1843 568 fuerit,
1871 516 2018 560 lineis
2043 520 2356 563 transversis
2377 520 2502 563 divi-

303 594 422 625 sum
438 595 554 626 esse
568 584 654 628 ait.
679 584 751 627 Cf.
769 586 821 628 C.
839 586 888 629 F.
905 586 1091 638 Smith,
1097 586 1242 641 John
1256 585 1376 629 Dee
1394 585 1740 644 (1527-1608)
1759 587 2000 644 [Londini
2022 587 2149 646 1909]
2170 602 2218 644 p.
2235 590 2336 633 237.
2361 591 2501 634 Cete-

303 665 422 696 rum
449 653 552 698 hoc
580 667 769 710 genere
790 657 1058 700 divisionis
1085 657 1316 711 primum
1335 669 1492 700 usum
1512 668 1627 701 esse
1647 658 1891 701 Avinioni
1911 658 2040 701 Levi
2060 659 2161 702 ben
2183 661 2386 705 Gerson
2406 674 2501 706 sae-

304 725 425 767 culo
446 725 579 777 XIV,
603 729 759 769 antea
779 728 1085 771 monuimus
1105 729 1252 784 (tom.
1276 729 1296 771 1
1318 741 1367 783 p.
1390 728 1587 785 XXIV).

363 796 432 838 ad
451 808 501 850 p.
528 795 681 854 189,42]
702 797 805 840 vid.
828 797 912 840 De
932 797 1125 841 mundi
1141 798 1267 842 aeth.
1290 809 1396 842 rec.
1414 798 1600 853 phaen.
1622 811 1708 854 pp.
1729 799 1811 842 261
1836 811 1948 854 sqq.

363 868 432 910 ad
452 879 501 922 p.
529 867 682 924 190,ae]
703 868 769 911 cf.
792 868 947 924 hujus
966 870 1099 912 tomi
1119 882 1204 924 pp.
1226 869 1284 912 58
1302 882 1416 924 sqq.

363 938 431 981 ad
451 950 501 992 p.
527 938 680 996 194‚³1]
700 940 798 982 Pro
818 939 1114 983 differentia
1133 940 1185 982 4⁰
1203 941 1284 983 22⁴
1305 941 1464 984 scribi
1484 940 1664 984 debuit
1682 940 1734 983 4⁰
1752 941 1850 992 28⁴,
1877 942 1970 985 sed
1997 954 2120 986 cum
2142 944 2391 988 continuo
2412 956 2500 999 po-

302 1012 460 1052 natur
477 1009 746 1064 longitudo
767 1010 858 1062 43⁰,
887 1011 1149 1066 corrigere
1169 1023 1276 1055 non
1295 1013 1578 1066 potuimus.
1606 1013 1867 1055 Praeterea
1885 1024 1982 1067 pro
2007 1014 2288 1058 »Deuncis«
2317 1015 2365 1070 (i.
2389 1027 2432 1059 e.
2455 1016 2499 1062 l—l-

302 1080 413 1124 sive
432 1080 532 1138 55‘)
551 1081 746 1124 rectius
765 1081 1084 1125 scriberetur
1108 1083 1423 1126 »Decuncis«
1446 1083 1495 1140 (i.
1518 1094 1562 1126 e.
1584 1082 1607 1129 ἓ
1626 1082 1737 1126 sive
1757 1083 1814 1126 50
1824 1083 1870 1139 ⁴).

363 1152 432 1194 ad
445 1164 494 1206 p.
507 1151 956 1209 200,³4]Pr0b1ema
970 1154 1369 1197 duodecimum:
1390 1153 1723 1197 »obseruatis
1738 1154 1871 1197 binis
1885 1154 2058 1198 Stellae
2072 1166 2230 1198 nouae
2245 1156 2500 1212 distantijs

303 1236 335 1266 a
356 1223 562 1266 duabus
582 1223 701 1266 fixis
715 1224 836 1267 loco
851 1224 1070 1279 cognitis
1085 1224 1137 1267 in
1150 1225 1435 1268 momentis
1447 1225 1699 1268 transitus
1713 1224 1824 1268 eius
1838 1225 1934 1268 sub
1952 1226 2262 1278 Meridiano,
2285 1238 2350 1269 ex
2364 1231 2500 1270 vtra-

302 1306 403 1348 que
416 1294 523 1337 Poli
536 1297 686 1349 parte
700 1294 752 1337 in
766 1295 977 1350 regione
992 1306 1308 1350 quacunque
1319 1295 1604 1339 latitudinis
1615 1299 1773 1348 notae,
1791 1297 2007 1339 Rectam
2018 1297 2128 1340 eius
2140 1298 2500 1341 ascentionern

300 1369 352 1408 et
370 1364 723 1408 Parallaxium
744 1366 854 1408 eius
874 1366 1129 1410 maximae
1150 1370 1201 1409 et
1220 1367 1455 1411 minimae
1477 1370 1815 1423 aggregatum
1834 1368 1918 1410 vel
1945 1367 2298 1411 differentiam
2324 1369 2497 1412 dare«.

360 1437 429 1479 ad
447 1448 498 1491 p.
520 1436 678 1493 200,³⁷]
709 1436 988 1480 Problema
1020 1437 1289 1481 decimum
1319 1438 1559 1482 tertium:
1597 1437 1772 1480 »Datis
1805 1437 1938 1481 binis
1969 1438 2310 1483 Phoenorneni
2343 1452 2501 1494 appa-

300 1507 534 1550 rentibus
564 1507 922 1550 altitudinibus
950 1508 1300 1562 inaequalibus
1329 1509 1426 1552 sub
1452 1508 1702 1551 Azimuth
1731 1508 1952 1552 diuersis
1982 1509 2133 1561 datis,
2164 1510 2439 1564 aequaliter
2468 1523 2500 1554 a

301 1578 595 1622 Meridiano
628 1590 694 1621 ex
725 1581 950 1633 vtraque
981 1583 1132 1634 parte
1164 1579 1493 1631 distantibus,
1528 1579 1638 1622 eius
1670 1580 2004 1631 Parallaxeis,
2037 1583 2153 1623 tum
2179 1581 2441 1624 distantiae
2469 1594 2500 1624 a

300 1652 483 1693 centro
502 1649 696 1701 Terrae,
724 1652 776 1692 et
801 1650 1188 1694 obseruationis
1212 1652 1349 1703 loco,
1376 1651 1429 1693 in
1454 1650 1678 1706 Regione
1705 1661 2020 1704 quacunque
2045 1651 2331 1694 latitudinis
2356 1655 2498 1695 notae

300 1720 759 1775 explorabuntur«.

360 1792 430 1835 ad
449 1804 498 1846 p.
519 1791 665 1848 201,⁷]
694 1792 974 1836 Problema
1000 1793 1268 1836 decimum
1295 1796 1526 1836 sextum:
1562 1792 1725 1834 »Binis
1750 1791 2094 1836 Phoenomeni
2121 1793 2313 1837 habitis
2342 1806 2500 1848 appa-

299 1863 534 1906 rentibus
554 1875 587 1906 a
606 1863 815 1906 duabus
833 1863 953 1907 fixis
973 1864 1374 1918 quibuscunque
1394 1862 1667 1918 distantijs,
1693 1862 1851 1916 idque
1872 1863 2004 1906 binis
2025 1864 2498 1916 obseruationibus,

301 1935 467 1977 altera
487 1934 616 1977 dum
635 1934 689 1977 in
708 1946 814 1978 vno
835 1934 1073 1978 verticali
1089 1935 1288 1978 circulo
1304 1934 1540 1978 cumillis
1554 1933 1634 1985 sit,
1656 1933 1858 1988 reliqua
1871 1945 2000 1977 vero
2015 1935 2144 1977 dum
2158 1935 2500 1979 Phoenomeni

299 2005 564 2049 verticalis
585 2005 784 2049 circulo
806 2005 1044 2049 maximo
1064 2017 1160 2061 per
1177 2006 1315 2049 fixas
1335 2006 1495 2049 ducto
1511 2005 1883 2060 Orthogonalis
1902 2005 2058 2048 fuerit
2079 2039 2090 2049 .
2115 2039 2125 2049 .
2151 2039 2160 2048 .
2182 2007 2500 2050 Parallaxeis

302 2110 312 2120 .
338 2110 347 2120 .
372 2110 382 2120 .
406 2077 580 2120 dare«.
2071 2111 2076 2114 .

359 2149 428 2191 ad
448 2161 497 2203 p.
519 2148 678 2206 201‚1⁴]
709 2149 988 2192 Problema
1020 2148 1290 2192 decimum
1321 2147 1629 2203 septimum:
1669 2147 1746 2190 »Si
1774 2146 2153 2204 (Phoenorneno
2181 2149 2278 2192 sub
2309 2149 2499 2192 eodem
2562 2164 2564 2166 >

299 2219 538 2263 verticali
557 2231 682 2263 cum
701 2220 820 2263 fixis
841 2220 1047 2263 duabus
1068 2219 1341 2276 existente)
1366 2219 1478 2262 eius
1504 2218 1767 2262 distantiae
1788 2218 1855 2262 ab
1877 2218 1951 2261 eis
1973 2222 2288 2273 apparentes
2309 2220 2500 2263 eodem

300 2293 575 2335 momento
601 2291 913 2334 habeantur.
942 2291 1246 2345 Iterumque
1273 2302 1397 2334 cum
1422 2290 1520 2333 sub
1543 2289 1782 2333 verticali
1809 2290 1974 2333 altero
2002 2290 2277 2344 aequaliter
2296 2303 2328 2334 a
2350 2291 2501 2334 Meri-

300 2362 457 2406 diano
478 2374 545 2406 ex
566 2362 793 2405 aduersa
812 2365 963 2417 parte
983 2365 1192 2406 remoto
1213 2361 1654 2416 deprehendatur,
1676 2360 1787 2403 eius
1808 2360 2069 2403 distantiae
2084 2361 2151 2404 ab
2167 2361 2367 2404 eisdem
2381 2362 2500 2405 fixis

301 2436 617 2488 apparentes
639 2433 1001 2486 obseruentur‚
1023 2433 1341 2476 Parallaxeis
1360 2432 1631 2486 Vtriusque
1652 2431 1909 2474 momenti
1927 2431 2301 2476 innotescent«.

359 2505 428 2548 ad
447 2516 496 2559 p.
518 2504 676 2561 201,2o]
701 2505 980 2548 Problema
1000 2504 1270 2548 decimum
1290 2506 1564 2547 octauum:
1597 2503 1718 2545 »Per
1743 2502 1894 2545 binas
1914 2503 2234 2546 Phenomeni
2254 2503 2501 2547 obserua-

298 2576 484 2627 tiones,
506 2576 673 2618 altera
691 2587 820 2619 vero
842 2576 970 2618 dum
985 2575 1038 2618 in
1052 2574 1347 2619 Meridiano
1366 2573 1523 2617 fuerit
1542 2573 1743 2627 reliqua
1762 2576 2045 2627 vtcunque‚
2067 2573 2258 2617 habitis
2277 2577 2500 2628 vtraque

298 2647 416 2691 vice
435 2646 693 2701 distantijs
713 2646 824 2690 eius
845 2646 1221 2702 apparentibus
1242 2658 1274 2689 a
1295 2645 1501 2689 duabus
1520 2644 1655 2696 fixis,
1679 2656 1907 2699 quarum
1927 2644 2172 2687 distantia
2193 2645 2353 2688 etiam
2373 2649 2499 2689 nota

302 2718 382 2770 sit,
404 2721 456 2762 et
476 2717 834 2761 altitudinibus
855 2721 1013 2772 atque
1027 2717 1278 2760 Azimuth
1292 2720 1409 2760 tum
1426 2717 1657 2759 fixarum
1670 2718 1785 2758 tum
1798 2715 1959 2770 ipsius
1974 2716 2364 2770 apparentibus,
2387 2717 2502 2760 abs-

305 2800 407 2844 que
431 2790 538 2832 vlla
564 2789 729 2843 elapsi
753 2789 1008 2843 temporis
1033 2789 1168 2831 inter
1192 2787 1607 2838 obseruationes,
1636 2790 1727 2829 aut
1751 2786 1858 2830 Poli
1883 2787 2190 2830 eleuationis
2216 2787 2398 2830 habita
2422 2799 2502 2830 ra-

302 2861 462 2913 tione,
483 2860 646 2904 etiam
664 2860 709 2903 si
727 2860 958 2903 fixarum
978 2861 1099 2903 loca
1117 2859 1324 2914 penitus
1339 2858 1532 2902 fuerint
1544 2858 1738 2913 ignota,
1758 2858 2073 2901 Parallaxeis
2086 2861 2268 2900 tamen
2283 2859 2351 2901 ad
2364 2861 2502 2901 vtra-

305 2943 406 2986 que
428 2931 861 2975 obseruationum
883 2934 1158 2975 momenta
1176 2929 1562 2973 manifestare«.

364 3003 434 3046 ad
452 3015 501 3058 p.
524 3002 682 3060 201‚22]
706 3002 985 3046 Problema
1005 3002 1274 3046 decimum
1294 3012 1516 3045 nonum:
1549 3001 1650 3043 »Ex
1676 3000 1810 3043 binis
1829 2999 2184 3043 Phaenomeni
2204 2999 2500 3043 considera-

303 3073 534 3118 tionibus
558 3073 751 3117 habitis
776 3073 948 3128 primo
975 3072 1233 3128 distantijs
1260 3072 1370 3115 eius
1396 3071 1772 3126 apparentibus
1800 3084 1832 3114 a
1859 3071 2064 3114 duabus
2089 3071 2207 3113 fixis
2232 3070 2285 3113 in
2308 3071 2499 3114 eodem

304 3156 429 3188 cum
447 3145 805 3188 Phaenomeno
826 3143 1168 3187 existentibus
1187 3142 1424 3186 verticali
1447 3142 1635 3199 (altera
1661 3146 1840 3185 autem
1867 3141 2256 3197 obseruatione)
2281 3141 2500 3196 cognitis

303 3227 515 3259 rursum
535 3216 647 3259 eius
667 3215 1043 3270 apparentibus
1063 3213 1319 3269 distantijS
1340 3213 1407 3257 ab
1428 3213 1629 3257 eisdem
1651 3213 1769 3256 fixis
1795 3216 1847 3256 et
1871 3212 2083 3264 vertice,
2110 3224 2216 3255 vna
2242 3223 2366 3255 cum
2393 3212 2500 3254 alti-

302 3286 484 3330 tudine
508 3286 662 3330 vnius
686 3286 933 3338 fixarum,
960 3284 1276 3328 Parallaxeis
1302 3284 1414 3328 eius
1440 3285 1509 3328 ad
1528 3288 1751 3338 vtraque
1772 3282 2204 3327 obseruationum
2225 3286 2498 3327 momenta

304 3360 459 3401 notas
478 3357 744 3401 reddere«.
