2976 4264
652 303 1535 359 PROGYMNASMATUM
1561 303 1877 356 TERTIA
1903 304 2107 357 PARS
2401 306 2504 358 205

295 449 485 501 stituta
517 449 784 508 obtinuit,
817 447 1142 508 retinend0‚
1175 463 1280 512 per
1310 447 1496 499 solam
1529 446 1967 512 elongationem
2000 447 2074 499 ab
2107 447 2299 509 oculo,
2336 447 2509 500 instar

297 519 558 573 Stellulae
579 519 772 573 Sextae
793 519 1216 584 magnitudinis
1237 525 1562 584 appareret,
1586 518 1838 583 idipsum
1856 518 1989 570 satis
2010 521 2328 571 conuincit:
2357 519 2508 571 adeo

296 598 356 644 vt
374 591 508 656 plus
529 607 713 656 quam
732 594 910 643 vicies
930 590 1181 656 spatium
1200 590 1363 651 illud,
1392 589 1551 654 quod
1573 597 1696 642 erat
1716 606 1754 642 a
1772 589 1968 642 Terris
1994 590 2070 642 ad
2095 592 2355 654 primum
2382 594 2508 643 eius

296 663 482 724 fitum,
502 662 607 715 suo
627 662 880 723 ascensu,
902 662 1175 727 superare
1196 661 1488 714 debuisset:
1509 661 1701 726 ficque
1715 661 2036 713 vastitatem
2051 661 2203 714 Caeli
2221 662 2395 727 supra
2408 662 2508 715 Sa·

177 744 264 788 692
296 741 557 796 turnum,
584 740 707 787 tam
731 733 1060 786 incredibili
1084 733 1269 798 spatio
1294 736 1585 785 maiorem
1612 733 1854 785 reddere
1874 735 2103 785 ratione
2130 728 2150 801 ΙΙ
2177 735 2320 794 eiUS,
2349 733 2508 798 quod

296 806 370 858 ab
394 805 525 865 hoc,
551 805 648 858 vel
668 808 846 858 etiam
866 805 1027 870 quod
1048 805 1355 869 aliquanto
1375 804 1550 868 supra
1568 820 1754 869 vsque
1774 807 1838 856 in
1857 803 2103 856 Terram
2124 804 2506 870 comprehen-

297 877 467 930 ditur.
498 877 649 941 Quis
675 884 877 929 autem
905 876 1062 929 hanc
1087 879 1338 928 nimiam
1364 875 1582 928 Mundi
1608 875 1884 928 senfibilis
1910 876 2346 942 asymmetriam
2372 892 2507 928 con-

296 948 502 1001 cedere
522 947 768 1013 poterit‘?
796 948 866 1000 Et
886 947 1027 1013 quid
1047 947 1229 1009 fieret,
1255 947 1297 999 fi
1323 946 1519 1000 adhuc
1539 947 1715 999 altius
1736 946 2112 1008 attolleretur,
2139 948 2327 1000 donec
2347 963 2507 1012 pror-

295 1020 389 1072 sus
416 1036 658 1072 omnem
685 1019 996 1072 oculorum
1021 1019 1250 1071 sensum
1278 1018 1396 1083 (cui
1423 1018 1619 1071 Stellae
1646 1018 1839 1071 Sextae
1865 1019 2288 1084 magnitudinis
2314 1019 2510 1071 adhuc

205 1109 247 1144 10
295 1091 615 1155 subiacent)
636 1089 1087 1156 subterfugeret?
1107 1090 1263 1143 Sane
1277 1106 1402 1142 non
1415 1090 1606 1150 vide0,
1628 1090 1931 1154 quomodo
1947 1105 2019 1142 ex
2032 1089 2146 1142 hac
2160 1090 2509 1143 absurditate

296 1163 352 1215 se
380 1166 676 1223 extricent‚
705 1165 808 1227 qui
827 1161 1022 1215 Steuae
1048 1161 1228 1214 huius
1253 1163 1750 1220 imminutionem,
1777 1177 1882 1226 per
1908 1161 2178 1214 altiorem
2199 1161 2274 1214 ab
2293 1163 2510 1213 intuitu

296 1234 490 1286 nostro
511 1234 811 1294 decessum,
840 1233 1115 1286 excusare
1137 1235 1453 1294 tentarunt,
1481 1232 1587 1284 nifi
1604 1232 1753 1284 forte
1774 1232 1966 1284 dicere
1986 1232 2184 1294 velint,
2211 1233 2372 1297 quod
2390 1249 2511 1285 vna

298 1321 435 1358 cum
459 1305 696 1358 ascensu
721 1305 1012 1369 paulatim
1034 1320 1138 1369 per
1156 1304 1212 1356 se
1233 1306 1549 1356 imminuta
1567 1303 1646 1356 fit.
1674 1304 1739 1356 Id
1759 1303 1919 1369 quod
1939 1303 2169 1356 facilius
2189 1305 2509 1357 asseuerare

296 1377 445 1437 licet,
473 1392 657 1442 quam
681 1376 949 1442 probare.
977 1376 1047 1428 Et
1066 1375 1108 1427 fi
1127 1375 1186 1427 id
1207 1375 1579 1437 concedatur,
1605 1382 1666 1427 vt
1685 1382 1745 1427 vt
1767 1382 2052 1427 renuente
2074 1375 2388 1428 caelestium
2406 1391 2509 1428 na-

206 1467 248 1501 15
297 1448 473 1501 turali
501 1454 685 1509 motu,
716 1450 835 1512 qui,
865 1450 946 1499 vti
976 1448 1249 1508 diximuS‚
1279 1453 1564 1512 perpetuo
1594 1446 1893 1499 circularis
1923 1446 2014 1508 est,
2048 1463 2152 1499 cur
2179 1463 2304 1499 non
2333 1450 2511 1499 etiam

297 1536 432 1573 eam
445 1523 509 1572 in
523 1519 734 1572 eodem
747 1519 973 1584 semper
988 1518 1122 1571 loco
1142 1525 1607 1584 permanentem,
1628 1533 1737 1570 nec
1758 1519 1934 1570 altius
1953 1518 2344 1580 scandentem,
2365 1534 2508 1584 pau-

295 1592 462 1644 latim
483 1591 808 1644 dissolutam
826 1590 1000 1652 fuisse,
1022 1591 1250 1642 admitti
1270 1588 1516 1655 poterit?
1544 1589 1723 1653 Quod
1742 1589 1784 1641 fi
1804 1592 1906 1654 qui
1925 1589 2167 1642 vlterius
2186 1590 2508 1655 praetende-

297 1666 428 1724 rint,
458 1663 631 1724 hanc,
660 1669 874 1728 praeter
902 1661 1237 1714 naturalem
1268 1662 1538 1714 ordinem
1567 1667 1774 1722 ortam,
1804 1662 2166 1714 motionibus
2195 1661 2510 1714 caelestium

299 1750 615 1800 corporum
636 1734 941 1795 consuetis,
968 1749 1094 1785 non
1112 1733 1270 1785 fuisse
1291 1733 1614 1798 alligatam:
1643 1739 1811 1794 certe,
1845 1748 1982 1785 cum
2004 1732 2365 1785 reuolutioni
2383 1735 2508 1784 vni-

200 1823 247 1858 20
295 1806 508 1859 uersali
527 1806 959 1871 obtemperarit,
982 1805 1035 1856 &
1054 1804 1229 1857 instar
1243 1804 1582 1857 Affixarum
1594 1807 1791 1856 invno
1808 1804 1941 1856 loco
1954 1803 2180 1869 semper
2192 1804 2508 1869 perstiterit,

296 1878 459 1931 aliud
488 1877 630 1942 quid
658 1883 874 1942 praeter
901 1876 1240 1929 Affixarum
1270 1875 1427 1941 leges
1459 1875 1751 1936 admifisse,
1785 1891 1964 1928 nemo
1997 1875 2153 1928 iustis
2185 1876 2510 1928 rationibus

296 1948 477 2002 fidem
495 1949 710 2002 fecerit.

367 2020 592 2073 Verum
620 2035 780 2072 nunc
809 2019 1279 2085 Anglicanarum
1308 2021 1462 2072 circa
1492 2017 1623 2071 haec
1656 2018 2224 2083 contemplationum
2255 2017 2506 2083 disquifi-

295 2094 460 2153 tioni,
499 2091 684 2144 finem
714 2094 1039 2157 imponam,
1077 2106 1213 2143 cum
1245 2092 1309 2142 in
1341 2090 1552 2151 scotia,
1591 2089 1821 2155 reliqua
1852 2088 2032 2142 huius
2064 2089 2424 2154 amplissimae
2458 2089 2510 2141 81

203 2181 248 2215 25
297 2163 709 2216 florentissimae
737 2163 948 2215 Insulae
975 2163 1332 2215 Britannicae
1358 2168 1524 2227 parte
1550 2161 1803 2222 Boreali,
1833 2161 1998 2222 nulli,
2030 2161 2190 2226 quod
2215 2161 2408 2222 sciam,
2439 2160 2510 2213 de

298 2234 412 2287 hac
430 2238 741 2300 peregrina
760 2234 940 2287 Stella
960 2236 1267 2299 quippiam
1286 2236 1350 2285 in
1369 2233 1564 2285 lucem
1584 2233 1886 2293 ediderint,
1910 2239 1970 2285 vt
1988 2240 2048 2285 vt
2069 2232 2121 2284 81
2140 2232 2257 2285 illic
2277 2232 2510 2285 Mathe-

298 2308 497 2359 matici
521 2306 838 2371 perspicaci
866 2308 1104 2371 ingenio
1133 2305 1439 2370 pollentes,
1469 2320 1593 2356 non
1623 2304 2033 2356 desiderentur.
2064 2301 2284 2356 Relic‘ta
2312 2306 2510 2368 itaque

299 2384 422 2430 tota
441 2377 554 2430 hac
574 2378 899 2438 Britannia,
926 2377 1002 2429 ad
1022 2376 1193 2429 nobis
1213 2379 1528 2428 viciniores
1551 2375 1889 2429 Germanos
1909 2391 2005 2427 me
2026 2377 2323 2440 recipiam,
2351 2390 2509 2439 quae-

301 2464 417 2514 que
438 2449 536 2515 alij
561 2449 820 2514 quidam,
847 2455 1061 2514 praeter
1079 2448 1343 2513 superius
1364 2453 1759 2507 enumeratOS,
1788 2447 1859 2499 de
1879 2446 1992 2498 hac
2013 2446 2192 2499 Stella
2212 2461 2508 2498 commen-

201 2537 249 2573 30
296 2523 400 2573 tati
419 2520 564 2582 sunt,
586 2536 746 2573 nunc
767 2519 1050 2572 euoluere
1072 2519 1125 2571 &
1144 2519 1476 2584 ponderare
1496 2518 1738 2570 vlterius
1757 2517 2031 2583 satagam.

302 2646 617 2721 ELIAS
641 2645 1363 2720 CAMERARIVS
1391 2645 1514 2718 IN
1537 2644 2157 2718 ACADEMIA
2179 2644 2510 2717 FRAN-

427 2754 1052 2815 COFORDIANA
1078 2753 1212 2813 AD
1243 2751 1648 2813 ODERAM
1680 2751 2383 2812 MATHEMATUM

1140 2846 1672 2908 PROFESSOR.

414 2944 929 2999 EDEUNTIBUS
949 2947 1122 3010 igitur
1141 2947 1263 2997 iam
1282 2944 1453 2996 nobis
1474 2959 1547 2995 ex
1566 2943 1800 3009 Anglia,
1822 2950 1998 3008 atque
2018 2943 2158 2995 hinc
2177 2946 2240 2994 in
2262 2943 2510 2995 Germa-

204 3035 250 3071 35
432 3020 597 3070 niam
614 3018 813 3069 denuo
827 3015 1353 3077 transfretantibuS,
1373 3018 1566 3079 primo
1581 3017 1831 3067 occurrit
1844 3014 2041 3066 versus
2056 3014 2369 3066 Borealem
2384 3017 2510 3066 eius

299 3090 553 3154 plagam,
568 3088 739 3140 nobis
753 3090 1105 3152 proximam,
1121 3084 1468 3139 dofflssmus
1483 3085 1715 3139 Scholae
1730 3085 2248 3138 Francofordianae
2263 3085 2339 3137 ad
2355 3085 2508 3138 Ode-

299 3176 429 3213 ram
443 3159 922 3220 MathematicUS,
944 3158 1168 3211 ELIAS
1184 3156 1715 3221 CAMERARIVS.
1738 3157 1940 3209 Huius
1953 3156 2227 3222 scriptum
2242 3157 2313 3209 de
2329 3156 2511 3209 Noua

299 3231 413 3284 hac
434 3231 630 3292 Stella,
657 3233 965 3295 integrum,
992 3235 1166 3294 prout
1188 3232 1339 3295 typis
1360 3228 1704 3294 euulgatum
1730 3228 1821 3289 est,
1849 3228 2119 3280 nondum
2144 3227 2292 3279 mihi
2311 3227 2509 3280 videre

302 3305 560 3368 contigit:
581 3302 677 3354 sed
696 3308 924 3366 partem
942 3300 1101 3352 illius
1120 3303 1484 3365 praecipuam
1501 3300 1573 3352 de
1589 3299 2113 3352 Obseruationibus
2127 3299 2180 3351 ἀ
2193 3299 2300 3351 fitu
2314 3298 2508 3351 Steuae

207 3390 254 3424 40
302 3372 663 3433 tractantem,
685 3387 920 3424 mecum
940 3387 1126 3424 manu
1145 3371 1414 3436 scriptam
1435 3373 1898 3422 communicauit
1919 3370 2275 3493 Clarissimfils
2295 3370 2411 3493 1331.
2434 3369 2508 3421 D.

2264 3456 2301 3493 a
2382 3455 2509 3492 aeus
