2976 4264
308 290 317 299 .
411 318 502 371 152
913 314 1523 368 ASTRONOMIAE
1550 313 2116 367 INSTAURATAE

409 468 468 512 vt
486 468 546 511 vt
568 461 810 518 nouitia‚
838 461 900 509 in
924 473 1132 509 eorum
1158 457 1356 509 locum
1383 455 1712 508 restituere?
1739 456 1852 509 Sed
1878 456 1950 508 fic
1976 457 2202 509 mundo
2223 457 2410 509 visum
2437 458 2527 519 est,
2554 465 2615 510 vt

411 547 533 583 non
552 530 768 589 tamid,
791 529 950 593 quod
970 531 1033 579 in
1053 528 1174 592 ipsa
1194 531 1278 579 rei
1297 531 1540 580 veritate
1561 527 1819 580 constare
1841 535 2033 592 queat,
2056 544 2254 592 quam,
2276 529 2435 593 quod
2457 545 2613 581 com-

410 604 665 653 muniter
684 616 790 664 pro
811 615 952 651 vero
972 598 1238 659 habetur,
1261 597 1659 663 amplectatur.

480 672 711 736 Allegat
736 686 843 735 pro
872 670 927 721 se
955 670 1331 721 Locrensium
1359 670 1659 735 politicam
1689 670 2188 731 consuetudinem,
2220 686 2355 735 quae
2385 671 2615 723 nullam

409 744 605 808 legum
630 744 1020 793 mutationem
1045 741 1390 805 patiebatur.
1421 742 1500 792 At
1527 741 1667 805 quid
1694 741 1808 792 hoc
1835 741 1910 793 est
1936 740 2164 793 dicere?
2194 741 2374 805 Quali
2402 758 2526 794 non
2551 745 2615 794 in
2665 761 2687 795 5

410 814 724 878 Religionis
758 812 810 863 8(
842 813 1084 876 Reipub.
1119 815 1366 877 negotijs
1397 812 1696 876 pleraque,
1730 812 1908 877 longa
1941 812 2358 865 consuetudine
2390 814 2616 865 radices

409 891 599 949 agant,
629 899 763 948 quae
785 899 920 935 cum
939 890 1202 947 tempore
1223 886 1420 935 verius
1440 882 1748 944 intellecta,
1776 884 2151 936 emendanda
2175 887 2370 949 potius
2389 883 2615 936 forent?

408 957 584 1007 Anne
605 955 678 1006 fic
699 956 877 1016 decet,
899 970 1002 1019 per
1021 970 1208 1006 vnum
1228 954 1471 1019 aliquod
1491 970 1615 1006 non
1627 954 1844 1019 vbique
1859 953 2010 1006 recte
2025 954 2244 1008 sadtum
2259 955 2614 1020 exemplum,

409 1027 659 1079 alterum
686 1041 856 1090 aeque
882 1026 1178 1086 indecem,
1205 1026 1455 1090 probare
1483 1033 1659 1090 atque
1687 1025 2075 1078 confirmare?
2102 1026 2250 1079 Sunt
2270 1027 2510 1091 quidem
2529 1029 2615 1078 in-

408 1100 761 1149 nouationes
777 1097 1055 1161 quaedam
1068 1097 1426 1162 periculosae,
1441 1097 1537 1149 sed
1551 1113 1675 1149 non
1689 1113 1897 1149 omnes
1909 1097 1985 1149 ob
1996 1097 2055 1149 id
2066 1097 2372 1149 infeliciter
2383 1098 2613 1150 cedunt.
2669 1116 2711 1150 ιο

409 1169 572 1232 Quin
591 1171 786 1233 potius
803 1168 879 1220 ad
893 1170 1185 1233 penitiora
1197 1171 1456 1220 veritatis
1469 1168 1810 1232 penetralia,
1827 1184 1947 1233 quo
1960 1168 2325 1221 tendendum
2337 1171 2507 1221 vnice
2523 1169 2614 1230 est,

408 1243 654 1292 ianuam
674 1242 961 1304 aperiunt.

478 1312 553 1363 Vt
571 1311 811 1362 tandem
830 1311 1093 1363 medium
1114 1310 1357 1375 aliquod
1377 1313 1645 1363 inueniat
1660 1310 2013 1363 conciliandi
2028 1311 2470 1375 quodammodo
2484 1312 2614 1363 Ari-

407 1382 705 1434 stoteleam
725 1381 1180 1447 Philosophiam,
1208 1398 1345 1434 cum
1364 1382 1467 1447 ipfi
1487 1385 1881 1435 contrariante
1903 1385 2279 1447 experientia,
2307 1382 2442 1434 dicit
2467 1398 2614 1447 prae-

408 1454 536 1506 sens
562 1453 1027 1515 Phaenomenon‚
1049 1449 1070 1522 ΙΙ
1090 1469 1215 1505 non
1234 1453 1590 1518 vulgaribuS‚
1618 1457 1720 1518 qui
1747 1470 1820 1506 ex
1844 1453 2062 1505 viscosa
2087 1453 2139 1505 8(
2165 1453 2325 1506 lenta
2349 1456 2613 1515 materia,
2646 1463 2734 1507 638

407 1525 656 1577 infausto
678 1525 949 1577 Siderum
974 1525 1178 1589 posim,
1205 1527 1359 1577 intra
1386 1525 1806 1577 elementarem
1826 1525 2147 1590 Regionem
2172 1528 2614 1590 progignuntur,

408 1596 671 1648 Cometis
686 1596 1207 1648 annumerandum
1222 1597 1341 1648 esse.
1359 1596 1638 1648 Cometas
1654 1599 1814 1648 enim
1825 1596 2056 1648 vfitatos
2070 1599 2134 1647 in
2147 1599 2283 1648 aere
2296 1596 2614 1658 sublunari,

406 1667 762 1719 Aristoteleis
782 1667 1008 1732 placitis
1023 1670 1276 1719 nimium
1289 1667 1616 1733 indulgenS,
1631 1667 1863 1728 versari,
1880 1667 1932 1719 8(
1945 1667 2258 1719 Artificum
2271 1667 2483 1720 sedulis
2498 1667 2614 1720 Ob-

406 1739 835 1791 seruationibus
854 1739 1151 1790 multoties
1172 1740 1231 1791 id
1251 1739 1639 1803 exploratum,
1661 1740 1981 1791 asseuerare
2002 1754 2126 1790 non
2146 1739 2386 1791 dubitat.
2408 1740 2487 1791 At
2507 1755 2614 1804 ego

406 1810 574 1862 nulla
594 1810 946 1862 eiuscemodi
967 1813 1386 1875 experimenta,
1415 1810 1628 1875 quibus
1648 1817 1773 1862 tuto
1794 1810 1975 1862 fidere
2001 1810 2189 1870 liceat,
2216 1809 2501 1863 hactenus
2522 1826 2614 1862 co·
2665 1828 2711 1862 20

406 1884 609 1947 gnoui:
638 1884 759 1933 imo
779 1884 843 1933 in
863 1884 1126 1946 quinque
1149 1882 1411 1934 Cometis
1431 1882 1670 1946 ipsemet
1688 1883 1940 1947 proprijs
1961 1881 2147 1933 oculis
2168 1881 2220 1933 8(
2239 1884 2484 1933 minime
2510 1881 2614 1934 fal-

406 1953 631 2004 lacibus
651 1952 1049 2004 Instrumentis
1070 1959 1246 2017 atque
1268 1953 1872 2014 demonstrationibus,
1901 1955 2028 2004 eius
2053 1953 2230 2017 plane
2255 1955 2615 2004 contrarium

408 2026 682 2088 comperi.
706 2023 844 2087 Qua
864 2024 934 2075 de
955 2039 1017 2075 re
1038 2023 1342 2088 sequentes
1356 2023 1531 2075 Tomi
1549 2024 1905 2076 luculentius
1922 2030 2116 2089 agent:
2138 2031 2314 2088 atque
2334 2027 2417 2076 ita
2434 2024 2490 2076 se
2510 2023 2613 2076 ha-

407 2095 544 2147 bere
564 2094 1019 2159 intelligentibus
1040 2098 1182 2147 citra
1201 2095 1408 2146 iustam
1429 2093 1951 2147 contradictionem
1971 2095 2416 2160 persuadebunt.

480 2166 657 2229 Quod
677 2165 1016 2218 inusitatum
1037 2166 1089 2217 8(
1108 2166 1504 2231 prodigiosum
1524 2167 1681 2231 quid,
1709 2166 2124 2231 peculiareque
2146 2166 2261 2218 Dei
2282 2182 2431 2230 opus
2457 2166 2613 2218 hanc
2663 2184 2709 2218 25

408 2237 650 2289 Stellam
669 2244 856 2298 vocat,
878 2238 1240 2289 assimilando
1263 2253 1397 2289 eam
1415 2240 1503 2302 ijs,
1532 2253 1666 2302 quae
1688 2238 1832 2289 olim
1851 2237 2197 2290 miraculose
2219 2237 2442 2289 caelitus
2461 2237 2613 2302 spec-

407 2315 528 2360 tata
555 2309 674 2369 esse,
700 2308 843 2360 sacri
869 2308 1118 2361 Codices
1143 2308 1435 2369 testantur,
1462 2325 1586 2360 non
1613 2309 1853 2373 quidem
1879 2308 2101 2374 absque
2127 2308 2534 2373 plaufibilitate
2562 2308 2614 2360 8(

407 2379 700 2431 verifimili
720 2382 948 2431 ratione
963 2379 1036 2431 ab
1052 2380 1154 2431 illo
1168 2379 1474 2444 profertur.
1497 2380 1902 2432 Veruntamen
1917 2380 2077 2444 quod
2090 2380 2305 2432 idcirco
2319 2386 2613 2444 receptam

408 2451 479 2502 de
499 2451 762 2503 Cometis
782 2449 1109 2503 dod'trinam
1129 2453 1191 2502 in
1210 2450 1420 2502 scholis
1440 2454 1690 2503 retinere
1710 2451 1943 2516 satagat,
1964 2467 2040 2503 ne
2060 2451 2268 2503 leuiter
2288 2458 2441 2503 artes
2461 2449 2612 2504 redte

407 2522 634 2574 traditae
651 2528 1005 2583 euertantur,
1027 2538 1151 2574 non
1164 2522 1297 2587 plus
1313 2522 1387 2574 est
1402 2523 1609 2584 dicere,
1630 2538 1812 2587 quam
1824 2522 1957 2574 licet
1971 2525 2333 2587 experientia
2347 2520 2535 2574 edocti
2548 2521 2612 2573 fi·
2663 2539 2710 2574 30

407 2609 557 2654 muS‚
585 2608 710 2644 rem
737 2593 905 2644 aliter
930 2593 985 2645 se
1011 2593 1230 2645 habere
1256 2594 1428 2658 posse:
1455 2600 1657 2646 tamen
1676 2594 1735 2646 id
1757 2594 1917 2658 quod
1937 2592 2223 2645 hadtenus
2244 2593 2612 2654 credidimuS‚

407 2663 717 2716 retractare
744 2680 867 2715 non
892 2664 1068 2726 lubet,
1097 2680 1173 2716 ne
1200 2665 1438 2716 inscitiae
1466 2665 1761 2717 diuturnae
1789 2680 2123 2730 arguamur,
2153 2664 2526 2729 leuitatisque
2555 2665 2614 2716 id

408 2735 769 2787 admittendo
789 2735 1210 2787 infimulemur.
1232 2737 1416 2800 Atqui
1436 2735 1551 2788 hoc
1565 2742 1978 2801 argumentum
1992 2736 2210 2787 multos
2226 2751 2469 2797 erroreS,
2490 2751 2614 2787 non

406 2806 608 2858 saltem
625 2809 687 2857 in
702 2806 1093 2871 Philosophia,
1114 2807 1210 2859 sed
1231 2810 1410 2859 etiam
1430 2810 1492 2859 in
1512 2808 1686 2859 rebus
1706 2807 1782 2859 ad
1803 2809 2189 2859 aeternitatem
2209 2805 2612 2872 spectantibuS,

408 2878 510 2929 diu
529 2877 900 2942 multumque
920 2881 1123 2943 nutrijt
1143 2878 1195 2930 8(
1214 2881 1369 2930 texit.
2660 2894 2706 2929 35

477 2949 636 3000 Facit
650 2949 860 3000 deinde
875 2952 1239 3001 mentionem
1255 2952 1381 3001 eius
1395 2949 1678 3010 Cometae‚
1695 2950 1766 3001 de
1779 2965 1899 3013 quo
1910 2949 2150 3001 Proclus
2164 2949 2438 3014 loquitur.
2456 2949 2615 3000 Licet

407 3034 549 3070 vero
577 3023 780 3071 omnia
804 3019 1205 3084 particularia,
1228 3021 1301 3072 ab
1332 3020 1434 3072 illo
1461 3027 1563 3072 aut
1590 3023 1716 3072 eius
1742 3020 2152 3085 interpretibus
2179 3023 2332 3072 circa
2358 3020 2613 3071 eundem

408 3106 531 3141 non
551 3090 656 3142 sint
676 3091 975 3143 recensita:
1005 3091 1276 3143 credibile
1297 3098 1498 3143 tamen
1519 3091 1593 3143 est
1613 3091 1886 3143 Proclum
1906 3092 2056 3143 adeo
2077 3091 2359 3156 insignem
2379 3090 2612 3142 Mathe-

408 3164 704 3222 maticum,
734 3163 1047 3214 Cometam
1065 3162 1239 3227 supra
1259 3162 1466 3214 Iouem
1486 3161 1856 3227 conspedtum
1877 3163 1997 3223 esse,
2026 3165 2168 3214 citra
2189 3178 2316 3214 rem
2336 3178 2460 3218 non
2479 3177 2609 3226 pro-

408 3233 713 3284 nunciasse.
737 3234 948 3297 Neque
971 3236 1130 3285 enim
1149 3240 1314 3285 tanta
1332 3233 1559 3295 leuitaS,
1580 3240 1703 3303 tam
1723 3236 1941 3285 eximio
1961 3234 2174 3285 Autori
2193 3233 2401 3284 leuiter
2420 3235 2608 3297 impu·
2659 3248 2705 3283 40

408 3302 608 3354 tanda:
630 3303 811 3354 veluti
832 3305 903 3355 de
924 3304 1016 3355 his
1037 3311 1214 3356 antea
1234 3320 1472 3368 quoque
1493 3307 1853 3356 monuimuS.

482 3373 795 3425 Concludit
807 3375 1047 3426 demum
1058 3375 1200 3427 talia
1208 3376 1485 3439 quaedam
1493 3391 1629 3427 rara
1637 3375 1923 3439 exempla,
1934 3390 2069 3439 quae
2078 3374 2400 3439 aliquando
2410 3381 2613 3496 c0111tra

1098 3475 1106 3481 ·
2326 3445 2487 3510 Regu
2511 3460 2610 3496 am
