2976 4264
675 318 1558 373 PROGYMNASMATUM
1584 317 1899 372 TERTIA
1925 319 2130 374 PARS
2416 321 2509 374 201

299 476 423 513 non
442 460 645 522 subit0,
669 460 765 514 sed
785 461 991 513 senfim
1009 464 1211 514 variet.
1240 461 1419 526 Quod
1440 462 1681 526 quidem
1702 462 1884 515 obesse
1904 478 2028 515 non
2047 464 2236 528 posset,
2257 463 2298 515 fi
2318 463 2507 516 altitu-

298 531 466 584 dines
491 535 717 585 interea
742 548 867 585 non
891 533 1217 598 plurimum
1243 533 1607 586 alterationis
1631 533 1927 587 sentirent:
1957 534 2126 596 ade0,
2152 542 2212 587 vt
2238 551 2358 600 quo
2383 551 2507 588 mo-

299 610 502 656 mento
521 606 717 656 verior
737 605 1030 670 captanda
1047 607 1263 666 veniat,
1283 607 1384 657 vix
1404 604 1776 657 discernatur.

369 675 567 740 Atque
588 675 718 727 haec
737 675 902 728 fuere
922 678 1122 741 priora
1137 675 1526 737 Problemata,
1548 692 1684 741 quae
1699 676 2017 742 Diggeseus
2030 680 2244 730 maiori
2258 693 2331 730 ex
2344 685 2508 743 parte

226 763 248 798 ⁵
297 746 654 810 repudiauit:
683 746 986 812 sequentia
1013 754 1215 800 tamen
1239 754 1528 812 tanquam
1552 747 1678 799 vsui
1703 748 1836 800 satis
1860 748 2079 801 idonea
2103 750 2507 815 approbando,

298 817 391 869 De
412 818 627 882 quibus
648 821 826 870 etiam
846 834 1007 871 nunc
1026 818 1373 871 videbimus
1396 814 1417 887 ΙΙ

178 898 266 942 688
367 888 700 942 Decimum
720 887 984 956 sextum,
1020 890 1117 942 etfi
1147 906 1178 943 e
1207 890 1341 942 solis
1371 890 1665 956 distantijS,
1696 907 1733 943 a
1761 890 1918 943 Fixis
1948 890 2246 944 Sideribus
2275 892 2507 944 diuersi-

220 971 248 1014 ·1-
297 961 474 1012 mode
494 963 762 1026 acceptiS‚
783 962 1077 1026 procedat,
1098 961 1151 1013 &
1166 961 1240 1014 ob
1254 962 1314 1014 id
1327 964 1508 1014 tutius
1522 968 1884 1014 exerceatur:
1904 969 2106 1015 tamen
2120 979 2193 1015 ex
2207 979 2327 1028 quo
2342 962 2507 1015 Phae-

297 1047 439 1084 nom
445 1035 542 1084 eni
550 1032 891 1085 verticalem
901 1035 938 1098 ij
944 1032 1104 1085 sdem
1112 1033 1269 1085 Fixis
1280 1035 1343 1085 in
1354 1033 1608 1085 secunda
1619 1032 2026 1085 obseruatione
2038 1034 2506 1100 orthogonalem,

205 1120 248 1155 10
297 1103 805 1167 quemadmodum
823 1107 887 1155 in
905 1107 1115 1168 prima,
1135 1107 1366 1156 vnitum
1388 1107 1577 1169 exigit,
1598 1120 1723 1156 non
1742 1104 1875 1157 satis
1892 1105 2128 1157 discrete
2143 1113 2319 1170 atque
2335 1122 2506 1171 expe-

296 1174 412 1226 dite
432 1174 758 1236 instituitur,
779 1177 1074 1240 nimisque
1091 1175 1280 1228 multa
1294 1176 1622 1240 eademque
1635 1191 1761 1228 non
1775 1176 2086 1228 commode
2101 1177 2298 1238 obuia,
2318 1178 2506 1242 postu-

295 1245 378 1298 lat
390 1245 684 1311 requifita:
699 1246 884 1298 Potest
893 1246 1301 1308 nihilominuS‚
1314 1246 1578 1299 adhibita
1588 1254 1864 1300 accurata
1875 1248 2190 1313 diligentia,
2202 1248 2343 1310 vsui,
2359 1264 2505 1314 prae-

294 1316 488 1370 sertim
507 1320 570 1369 in
590 1317 996 1370 Parallaxibus
1014 1318 1197 1382 paulo
1216 1317 1643 1384 infignioribus,
1663 1318 2054 1371 accomodari.

219 1400 248 1443 ἢ
368 1387 700 1442 Decimum
706 1386 1056 1456 septimum,
1079 1389 1412 1442 dedomena
1428 1392 1671 1454 requirit
1685 1406 1809 1442 non
1822 1390 2038 1455 vbique
2052 1390 2165 1443 sese
2181 1390 2505 1453 offerentia,

206 1477 248 1512 15
298 1460 626 1525 eademque
646 1460 792 1512 iusto
811 1460 1000 1525 plura,
1023 1476 1158 1525 quae
1181 1464 1359 1513 etiam
1379 1477 1499 1525 quo
1520 1461 1596 1513 ad
1610 1461 1936 1514 Azimutha
1955 1462 2262 1527 aequaliter
2274 1478 2312 1514 a
2325 1463 2506 1515 Meri-

297 1531 477 1584 diano
502 1534 776 1596 vtrinque
802 1538 1046 1592 remota,
1072 1534 1193 1584 vna
1218 1548 1355 1584 cum
1380 1532 1658 1598 distantijs
1684 1532 1854 1585 fimul
1873 1534 2172 1598 capiendis
2193 1549 2317 1586 non
2336 1533 2506 1586 facile

297 1618 469 1668 aeque
495 1610 652 1656 certo
679 1602 732 1655 8(
758 1606 889 1664 cit0,
915 1610 1090 1668 prout
1116 1619 1267 1668 opus
1294 1603 1385 1665 est,
1413 1604 1821 1668 expediuntur.
1848 1605 2091 1657 Accedit
2113 1605 2165 1657 8(
2187 1605 2318 1666 hoc,
2346 1605 2506 1670 quod

296 1674 403 1727 nifi
433 1675 759 1727 admodum
789 1674 1066 1727 senfibilis
1099 1677 1440 1740 quantitatis
1472 1675 1646 1727 fuerit
1677 1676 2019 1737 ParallaxiS,
2052 1675 2165 1728 hac
2196 1679 2505 1729 ratiocina-

294 1749 473 1808 tione,
495 1761 630 1811 quae
652 1749 780 1798 eius
799 1746 1191 1799 diuerfitatem
1210 1762 1334 1798 non
1353 1746 1609 1798 multum
1628 1746 1998 1809 discriminat,
2018 1750 2118 1799 vix
2137 1750 2468 1813 percipitur.

365 1817 697 1871 Decimum
713 1815 1013 1880 odtauum,
1028 1817 1174 1870 iusto
1187 1817 1454 1883 pluribus
1465 1818 1892 1883 praesuppofitis
1902 1821 2222 1880 intricatur,
2236 1834 2371 1884 quae
2383 1835 2506 1872 non

295 1889 465 1942 facile
486 1889 709 1954 absque
730 1891 897 1941 omni
917 1891 1130 1941 erroris
1149 1889 1470 1954 suspicione
1491 1888 1835 1942 offeruntur.

366 1959 697 2014 Decimum
716 1975 953 2013 nonum
971 1963 1150 2013 etiam
1165 1963 1353 2013 nimia
1366 1960 1639 2026 requifita
1653 1963 1844 2027 exigit,
1866 1961 1919 2013 8(
1938 1977 2063 2014 non
2075 1961 2291 2026 vbique
2307 1961 2504 2023 obuia,

295 2038 398 2084 aut
416 2031 549 2084 satis
569 2035 683 2084 cito
705 2031 757 2083 8(
776 2038 902 2084 tuto
923 2031 1327 2085 obseruabilia.

370 2100 734 2169 Vicesimum
764 2119 1003 2168 quoque
1032 2103 1236 2169 ijsdem
1261 2104 1713 2168 impedimentis,
1741 2104 2070 2156 obnoxium
2095 2104 2192 2156 est:
2222 2104 2506 2169 liquidem

293 2174 452 2227 binae
478 2174 761 2227 distantiae
787 2175 839 2227 8(
864 2182 1050 2227 ternae
1076 2175 1414 2228 altitudines
1440 2175 1703 2237 diuersae,
1730 2175 1899 2227 fimul
1922 2176 2227 2240 capiendae
2247 2179 2504 2228 veniant.

296 2245 475 2310 Quod
506 2245 817 2298 difficulter
848 2246 1059 2299 eodem
1089 2246 1322 2299 instanti
1353 2246 1670 2312 praestatur.
1709 2247 1951 2299 Accedit
1983 2247 2035 2298 &
2066 2247 2196 2308 hoc,
2235 2254 2359 2299 tam
2390 2247 2503 2307 hic,

295 2333 478 2382 quam
503 2320 566 2369 in
591 2317 1070 2370 antecedentibus
1099 2318 1326 2383 aliquot
1351 2318 1754 2379 ProblematiS,
1783 2318 1916 2370 satis
1947 2318 2283 2370 euidentem
2308 2318 2502 2370 Paral-

294 2388 521 2441 laxium
541 2389 946 2441 discretionem
965 2405 1090 2441 non
1110 2389 1254 2442 dari.
1282 2390 1558 2454 Ideoque,
1584 2389 1683 2441 vbi
1708 2390 1827 2442 illae
1850 2405 1954 2454 per
1973 2389 2029 2440 se
2049 2389 2360 2441 minutulae
2381 2389 2502 2441 fue-

294 2463 426 2522 rint,
454 2462 555 2512 vix
586 2463 752 2513 iuxta
779 2460 910 2512 haec
939 2463 1248 2513 ratiocinia
1278 2467 1451 2513 certae
1482 2461 1895 2513 Obseruatiom'
1923 2468 2099 2524 atque
2130 2460 2502 2512 Demonstra-

197 2549 245 2584 30
291 2533 440 2584 tioni
458 2531 777 2584 subiacent:
798 2531 921 2583 solo
942 2532 1171 2584 decimo
1192 2532 1576 2592 Problemate,
1599 2532 1759 2596 quod
1772 2534 2098 2583 maximam
2112 2531 2344 2592 harum,
2367 2547 2502 2595 quae

292 2602 421 2655 fieri
439 2603 615 2668 possit,
637 2605 1025 2667 quantitatem
1039 2602 1092 2654 8(
1105 2602 1499 2655 differentiam
1514 2601 1764 2662 exhibet,
1786 2603 1860 2654 ab
1878 2602 1990 2654 hac
2004 2602 2500 2663 incommoditate,

293 2676 548 2725 immuni
568 2673 857 2726 existente.

368 2741 663 2810 VicesimO
677 2743 901 2811 primo,
922 2744 1164 2796 demum
1178 2744 1562 2805 Problemate,
1583 2744 1921 2796 Parallaxin
1941 2747 2063 2796 iam
2083 2747 2394 2809 cognitam,
2415 2760 2501 2796 re-

293 2814 486 2881 spectu
501 2815 795 2880 Eclipticae
811 2815 864 2867 8(
877 2815 1235 2879 AEquatoris‚
1257 2815 1526 2880 dispertit.
1549 2815 1731 2879 quue
1750 2830 1855 2879 per
1874 2815 1929 2867 se
1950 2814 2101 2868 recte
2117 2815 2349 2875 constat,
2369 2815 2502 2867 licet

198 2904 245 2940 35
293 2886 542 2939 faciliori
561 2889 879 2950 minusque
899 2886 1181 2951 perplexa
1194 2885 1486 2938 Methodo
1505 2886 1664 2938 idem
1681 2886 1928 2946 efficere,
1949 2902 2074 2938 non
2087 2886 2235 2938 foret
2249 2886 2499 2938 difficile.

365 2958 518 3010 Haec
538 2957 610 3009 de
631 2957 897 3022 Diggesei
914 2957 1297 3010 Problematis
1317 2957 1509 3009 nostra
1527 2957 1701 3009 fuerit
1720 2957 2018 3017 sententia,
2039 2958 2297 3010 iudicent
2317 2957 2388 3009 de
2409 2957 2502 3009 his

294 3029 412 3094 alij‚
439 3035 614 3094 prout
640 3028 876 3080 cuilibet
894 3028 1098 3080 visum.
1126 3028 1188 3080 Si
1212 3031 1410 3093 praxis
1431 3029 1625 3080 debita
1643 3028 1987 3080 mechanice
2007 3028 2348 3088 instituatur,
2374 3035 2501 3080 tum

294 3100 537 3153 demum
557 3099 849 3161 constabit,
874 3099 1016 3164 quid
1036 3102 1100 3150 in
1118 3099 1228 3160 his,
1256 3102 1400 3151 citra
1420 3114 1680 3151 errorem
1698 3100 1956 3164 praestari
1975 3107 2169 3164 queat,
2198 3099 2339 3164 quid
2358 3115 2500 3151 vero

295 3187 440 3224 non:
468 3186 697 3235 nosque
723 3187 848 3222 non
873 3170 1146 3223 iniustam
1172 3171 1243 3222 de
1269 3170 1363 3222 his
1388 3170 1676 3235 protulisse
1701 3171 2007 3223 censuram
2026 3171 2499 3223 manifestabitur.

200 3260 247 3295 40
366 3242 630 3294 Demum
659 3242 1110 3307 Regiomontani
1138 3241 1465 3302 Problema‚
1500 3242 1634 3293 satis
1665 3241 1797 3294 scite
1829 3242 1881 3294 &
1914 3249 2047 3307 apte
2082 3241 2220 3293 huic
2252 3242 2499 3293 Phaeno-

295 3329 474 3366 meno
500 3328 680 3365 nouae
707 3313 903 3366 Stellae
929 3312 1424 3365 accommodauit:
1454 3313 1587 3364 licet
1611 3313 1850 3378 ipsemet
1875 3312 2142 3378 pluribus
2168 3313 2221 3365 &
2246 3313 2402 3364 iustis
2429 3313 2499 3364 de

296 3385 495 3437 caussis
520 3387 584 3436 in
609 3383 722 3436 hac
745 3383 1116 3436 conclusione
1144 3386 1270 3435 eius
1290 3383 1456 3436 vsum
1481 3386 1719 3449 reiJciat.
1748 3384 2198 3450 Regiomontani
2218 3384 2498 3506 fiquffem

437 3466 485 3501 26
2389 3469 2500 3505 ane

199 2114 246 2227 ffl—t·
201 1834 247 2014 448
