2976 4264
430 334 522 386 146
931 325 1540 382 ASTRONOMIAE
1566 324 2130 378 INSTAURATAE

429 475 554 527 Poli
584 474 837 525 eleuatio
867 472 924 522 P.
952 471 1025 522 51.
1055 468 1090 535 l.
1119 470 1191 521 19.
1224 469 1443 521 euadit:
1475 484 1658 532 quam
1685 470 1955 519 inuenire
1984 467 2309 532 sategimus
2341 466 2627 519 Refradtio

429 552 629 598 autem
648 550 824 607 atque
845 541 1197 601 Parallaxes.
1222 540 1293 592 de
1315 539 1529 604 quibus
1548 538 1778 591 locutus
1797 538 1940 600 sum,
1966 541 2084 603 peti
2103 539 2326 602 possunt
2346 553 2377 589 e
2397 537 2512 589 suis
2532 538 2627 590 de-

427 618 642 681 putatis
663 613 989 666 canonibus
1010 627 1134 675 cap.
1156 612 1193 662 l.
1214 610 1394 662 huius
1413 610 1509 662 lib.
1530 609 1851 675 propositis,

498 688 694 750 Atque
713 684 809 736 vel
834 683 972 735 hinc
993 699 1066 735 ex
1091 681 1204 734 hac
1224 681 1590 733 Homeliana
1611 681 2017 733 obseruatione
2036 679 2344 744 vtrobique
2371 679 2444 731 fic
2469 682 2629 731 truti-

429 764 583 818 nata,
614 756 746 807 satis
774 755 974 819 liquet,
1004 751 1380 806 refradtiones
1409 752 1625 804 solares
1655 768 1691 804 a
1720 751 1890 803 nobis
1920 751 2268 812 constitutaS,
2297 757 2424 802 tum
2454 753 2632 803 etiam
2681 770 2703 804 5

429 828 881 881 declinationem
901 827 1227 877 maximam
1255 824 1336 888 (vt
1356 824 1427 876 de
1447 823 1869 884 ParallaxibuS‚
1898 838 2034 887 quae
2053 838 2158 887 per
2176 822 2232 874 se
2254 824 2488 887 cognitu
2507 837 2632 874 non

427 900 555 951 sunt
576 897 856 958 difficiles,
878 896 1028 948 nihil
1048 894 1262 959 dicam)
1285 897 1450 947 omni
1471 910 1544 946 ex
1562 901 1727 960 parte
1747 897 1853 946 rite
1873 893 1929 945 se
1949 893 2185 946 habere.

499 969 751 1022 Nullum
776 971 975 1032 itaque
1003 967 1249 1019 dubium
1271 966 1361 1027 est,
1390 966 1788 1018 eleuationem
1808 965 1934 1017 Poli
1953 964 2450 1029 Witebergensem
2471 980 2508 1016 a
2527 980 2631 1015 no-

428 1042 515 1093 bis
536 1037 556 1109 ΙΙ
576 1041 649 1092 fic
667 1040 1032 1092 constitutam
1052 1044 1228 1103 atque
1248 1038 1560 1090 limitatam
1579 1037 1921 1089 adamussim
1941 1034 2151 1088 rectius
2171 1035 2227 1087 se
2247 1034 2482 1087 habere.
2505 1035 2632 1087 Nec
2664 1045 2751 1089 632

429 1111 741 1164 Reinholdi
762 1117 864 1163 aut
884 1109 1138 1161 cuiusuis
1159 1109 1399 1161 alterius
1420 1111 1704 1161 autoritas
1723 1108 1821 1159 hic
1840 1107 2169 1172 praeualere
2192 1109 2417 1171 poterit.
2446 1107 2514 1158 In
2539 1105 2632 1158 his
2687 1124 2729 1159 ιο

429 1187 588 1235 enim
609 1198 732 1234 non
753 1180 1179 1241 autoritatibuS‚
1199 1180 1295 1232 sed
1314 1180 1515 1232 sedula
1535 1181 2099 1244 experimentatione
2120 1184 2388 1230 certatur.

499 1255 630 1306 Fuit
659 1253 899 1318 quidem
928 1252 1201 1304 Erasmus
1231 1251 1596 1303 Reinholdus
1625 1251 2012 1302 Astronomus
2042 1252 2293 1302 eximius
2323 1249 2375 1301 8(
2405 1249 2476 1301 de
2509 1254 2632 1300 arte

428 1326 556 1387 hac,
580 1325 621 1376 fi
645 1327 776 1389 quis
796 1324 949 1376 alius
969 1323 1162 1375 nostro
1183 1338 1336 1384 aeu0‚
1365 1325 1589 1388 egregie
1609 1324 1868 1382 merituS,
1894 1321 1990 1373 sed
2009 1321 2126 1386 ipse
2146 1321 2496 1385 potissimum
2516 1319 2632 1371 De-

429 1396 944 1449 monstrationibus
965 1395 1017 1446 8(
1039 1394 1287 1447 Calculo
1307 1409 1712 1454 numerorum,
1740 1408 1919 1458 quem
1937 1392 2253 1445 fidelissime
2274 1391 2632 1443 administra-

428 1469 543 1530 bat,
566 1473 886 1531 occupatus
907 1472 1045 1518 erat.
1076 1465 1599 1518 obseruationibus
1618 1480 1777 1525 ver0,
1800 1479 1948 1529 quas
1969 1479 2006 1516 a
2027 1464 2360 1528 Copernico
2380 1469 2633 1515 tantum-
2688 1480 2729 1514 15

429 1540 608 1591 modo
629 1538 1026 1599 mutuabatur,
1048 1553 1230 1601 quam
1249 1539 1566 1588 minimum
1587 1535 1832 1597 dedituS‚
1853 1551 1962 1587 nec
1982 1538 2194 1600 praxin
2214 1533 2636 1586 Mechanicam

429 1614 492 1662 in
513 1612 799 1675 exercitijs
820 1609 1239 1660 Astronomicis
1259 1611 1364 1673 rite
1384 1607 1591 1668 subire,
1617 1607 1721 1659 vsu
1747 1606 1949 1671 aliquo
1970 1607 2249 1659 diuturno
2271 1611 2636 1670 compertum

430 1682 700 1734 habebat.
723 1681 905 1745 quue
919 1680 1052 1732 satis
1067 1680 1399 1731 ostendebat
1412 1682 1653 1731 vnicum
1666 1678 1813 1730 illud
1828 1677 2296 1738 Instrumentum,
2319 1676 2478 1741 quod
2500 1691 2635 1728 con-

429 1753 525 1805 fici
558 1754 805 1813 curarat,
841 1751 1158 1815 Quadrans
1189 1750 1458 1802 videlicet
1490 1766 1563 1802 ex
1594 1749 1797 1802 tabula
1826 1749 2023 1815 lignea
2055 1748 2337 1809 constans,
2371 1750 2473 1812 qui
2504 1747 2637 1799 licet

429 1824 788 1876 mediocrem
809 1823 1058 1875 obtinuit
1077 1822 1563 1887 magnitudinem,
1589 1827 1791 1873 tamen
1816 1836 1925 1872 nee
1944 1819 2412 1880 subdiuifionem,
2440 1834 2634 1883 neque
2684 1836 2731 1871 20

429 1895 769 1960 pinnacidia
793 1894 926 1946 satis
951 1893 1228 1946 subtiliter
1254 1892 1519 1958 dispofita
1543 1892 1771 1944 habuit:
1798 1898 1858 1943 vt
1882 1898 2128 1952 taceam,
2156 1891 2316 1956 quod
2337 1907 2368 1942 e
2388 1891 2637 1942 materia

429 1968 744 2018 mutationi
764 1968 956 2017 aereae
977 1964 1301 2017 admodum
1322 1963 1597 2025 obnoxia,
1619 1965 2080 2028 compaginatuS,
2101 1977 2485 2027 nequaquam
2499 1977 2635 2013 con-

430 2038 640 2090 stanter
666 2036 1144 2088 obseruationum
1167 2035 1574 2087 certitudinem
1599 2034 1862 2099 praebere
1882 2034 2155 2086 valuerit:
2182 2039 2356 2099 prout
2381 2032 2636 2098 praesens

432 2108 754 2173 aliquando
774 2107 1128 2172 Witebergae
1154 2106 1314 2158 hunc
1339 2106 1528 2171 ipsum
1549 2105 1958 2170 Quadrantem
1978 2105 2196 2169 dispexi
2225 2104 2356 2169 (nec
2377 2106 2537 2156 enim
2556 2106 2634 2168 ig-

431 2186 573 2231 nota
591 2178 827 2243 loquor)
848 2181 1211 2242 miratusque
1231 2177 1369 2230 sane
1388 2177 1516 2229 sum
1534 2183 1765 2229 tantum
1777 2176 2168 2228 Astronomiae
2190 2175 2491 2236 cultorem,
2512 2190 2636 2226 non
2685 2192 2731 2226 25

431 2251 562 2316 alijs
590 2250 842 2315 Organis
868 2265 975 2315 pro
1001 2248 1370 2301 dimetiendis
1397 2248 1669 2301 Siderum
1693 2248 2073 2312 Apparentijs
2097 2245 2436 2299 instructum
2461 2246 2634 2298 fuisse.

433 2322 546 2374 Sed
568 2324 634 2383 iS,
661 2324 742 2373 vti
762 2321 898 2382 dixi,
925 2321 1029 2372 suo
1050 2320 1313 2385 quodam
1333 2319 1587 2381 confili0,
1615 2335 1739 2371 non
1760 2318 2299 2379 obseruationibus,
2320 2318 2422 2369 -sed
2441 2319 2637 2382 potius

431 2391 938 2457 supputationibus
953 2391 1267 2443 caelestium
1282 2398 1555 2442 motuum
1569 2406 1813 2455 operam
1827 2389 2155 2447 collocauit.
2178 2389 2379 2453 Quare
2393 2404 2517 2440 non
2530 2391 2635 2439 mi-

433 2480 567 2516 rum
587 2463 662 2515 est
682 2479 820 2515 eum
839 2465 958 2514 vna
978 2479 1112 2514 cum
1134 2463 1468 2527 Cruciger0‚
1491 2464 1593 2526 qui
1611 2464 1807 2526 potius
1820 2460 2226 2526 Theologiam‚
2248 2476 2430 2525 quam
2443 2459 2635 2511 Astro-

431 2538 697 2587 nomiam
722 2534 1119 2599 prOfitebatur‚
1146 2537 1208 2585 in
1233 2533 1392 2585 sexta
1418 2536 1640 2585 circiter
1661 2532 1900 2585 Gradus
1918 2538 2099 2596 parte,
2127 2548 2164 2584 a
2182 2547 2324 2583 vera
2343 2531 2470 2583 Poli
2489 2530 2634 2582 Alti—
2684 2547 2731 2583 30

431 2606 633 2658 tudine
654 2605 953 2658 deflexisse.
977 2606 1139 2657 Nam
1159 2605 1211 2657 8(
1230 2604 1544 2658 interdum
1564 2618 1841 2671 magnus
1862 2602 2157 2656 dormitat
2173 2603 2508 2655 Homerus,
2687 2612 2715 2655 τ

503 2678 634 2730 Scio
663 2677 938 2741 equidem
964 2676 1333 2728 clarissimum
1358 2678 1554 2727 virum
1580 2676 1906 2737 Peucerum
1931 2674 2236 2735 seniorem,
2268 2676 2435 2726 cuius
2461 2679 2639 2725 antea

431 2751 692 2809 memini,
714 2751 777 2799 in
798 2748 1025 2800 erudito
1045 2747 1261 2809 libello,
1283 2763 1462 2812 quem
1482 2746 1554 2798 de
1575 2746 1852 2811 distantijs
1866 2745 2135 2798 locorum
2149 2744 2438 2809 inscripsit,
2453 2745 2635 2796 Wite-
2686 2755 2715 2798 i·

431 2820 624 2885 bergae
637 2820 909 2871 vmbram
922 2817 1422 2883 AEquinoctialem
1439 2818 1767 2883 longiorem
1782 2818 1885 2869 esse
1902 2817 2224 2869 Gnomone
2244 2816 2426 2881 paulo
2445 2815 2578 2880 plus
2592 2817 2636 2869 ἑ.

431 2890 749 2955 prodidisse,
776 2897 836 2942 vt
855 2890 975 2942 fere
997 2906 1069 2942 ea
1087 2890 1235 2941 foret
1254 2889 1495 2950 vmbrae,
1523 2889 1599 2941 ad
1624 2904 1986 2954 gnomonem
2012 2891 2178 2949 ratio,
2206 2903 2342 2952 quae
2369 2887 2443 2938 est
2469 2887 2540 2939 19.
2562 2886 2638 2938 ad
2688 2903 2734 2938 35

433 2963 505 3013 15.
520 2962 571 3013 8(
583 2962 851 3026 qualium
864 2964 1121 3025 partium
1134 2976 1397 3026 gnomon
1410 2960 1474 3012 fit
1487 2960 1578 3012 60:
1595 2960 1920 3012 earundem
1929 2959 2138 3011 vmbra
2148 2959 2206 3011 P.
2220 2958 2304 3011 76.
2320 2956 2355 3024 l.
2367 2958 2453 3010 43.
2469 2957 2638 3009 Vnde

434 3033 721 3097 colligitur
751 3032 1005 3085 eleuatio
1031 3032 1158 3084 Poli
1183 3033 1242 3084 P.
1269 3033 1343 3084 51.
1373 3029 1408 3097 l.
1437 3031 1522 3084 58.
1554 3030 1733 3094 Quod
1757 3031 1988 3082 videtur
2013 3029 2510 3082 Reinholdianam
2539 3027 2637 3080 ob-

433 3104 825 3155 seruationem
837 3103 1205 3164 confirmare,
1220 3106 1342 3154 imo
1357 3104 1657 3167 quaternis
1671 3101 1866 3154 adhuc
1880 3101 2161 3166 scrupulis
2176 3098 2499 3153 auctiorem
2512 3099 2637 3151 red-

436 3175 588 3235 dere,
612 3190 747 3225 cum
766 3178 960 3239 potius
980 3177 1192 3235 minor,
1214 3174 1406 3226 nostra
1424 3172 1779 3233 indufflone,
1802 3173 1905 3224 esse
1926 3173 2174 3224 deberet.

504 3245 727 3296 Verum
740 3244 1100 3310 perspectum
1110 3245 1330 3297 habent
1339 3245 1471 3297 satis
1484 3246 1587 3309 qui
1599 3243 1981 3312 Gnomonica
1993 3242 2255 3304 tractant,
2271 3257 2453 3307 quam
2466 3240 2636 3293 facile
2686 3257 2733 3292 40

436 3318 673 3367 eueniat
692 3319 754 3367 in
773 3317 875 3367 tali
895 3319 1222 3381 pragmatia
1241 3315 1643 3368 hallucinati0.
1666 3315 1845 3378 Quod
1866 3314 1917 3365 8(
1937 3315 2229 3366 Peucerus
2249 3329 2373 3365 non
2392 3315 2636 3377 ignorat.

436 3387 562 3438 Nec
584 3389 743 3439 enim
763 3387 985 3439 vmbrae
1007 3389 1341 3439 extremitas
1361 3386 1493 3439 satis
1514 3384 1714 3438 exacte
1735 3385 2088 3446 discernitur,
2111 3385 2163 3436 8(
2182 3384 2288 3436 nifi
2301 3399 2564 3449 gnomon
2577 3382 2640 3434 fit

2314 3454 2637 3507 admodum
