2976 4264
491 314 596 365 406
1029 309 1723 362 ANNoTATIONEs
1750 285 2154 361 EDITORIS

497 452 608 495 1632
638 463 701 495 ac
731 454 916 505 postea
945 450 1090 493 haud
1118 460 1309 504 paucae
1337 448 1645 503 prodierunt
1673 447 2131 502 interpretationes
2160 449 2572 503 explicationum
2598 451 2692 506 Ty-

494 522 700 573 chonis;
734 522 868 564 sicut
899 520 1214 564 Germanice
1242 531 1414 563 versae
1443 522 1564 562 sunt
1592 518 1646 561 in
1674 519 1865 571 libello,
1898 519 1987 573 qui
2013 519 2314 563 inscribitur
2346 519 2692 565 Geistreiche

499 593 866 646 Weissagung
880 591 1015 648 (1632
1035 603 1074 634 s.
1098 592 1147 643 1.,
1175 591 1228 633 in
1248 590 1317 642 80,
1345 593 1403 632 ut
1421 592 1645 633 testatur
1665 590 1917 642 Lalande‚
1942 589 2353 645 Bibliographie
2375 593 2693 636 astronomi-

491 675 595 718 que
616 676 664 718 p.
686 663 812 719 200);
842 665 1014 705 exstat
1037 662 1199 704 etiam
1225 661 1429 704 libellus
1449 661 1664 715 Anglice
1685 661 1927 716 scriptus,
1953 661 2208 704 Learned
2233 661 2361 705 TIco
2379 662 2582 707 Brabae
2602 664 2692 707 bis

488 733 917 787 Astronomicall
937 732 1230 777 Coniectur
1246 731 1311 775 of
1322 732 1412 774 the
1432 743 1562 775 new
1577 732 1688 775 and
1706 732 1871 775 much
1887 731 2156 775 Admired
2174 733 2197 758 *
2227 733 2412 776 Which
2429 733 2693 789 Appered

488 806 543 848 in
569 806 657 848 the
676 816 817 859 year
836 805 949 847 1572
973 804 1217 861 (Londini
1242 803 1369 855 1632,
1397 803 1425 846 6
1444 803 1551 847 foll.
1578 807 1627 858 -ι-
1651 804 1708 846 26
1729 816 1877 859 pagg.
1901 804 1953 846 in
1972 803 2060 862 4⁰),
2090 805 2177 858 qui
2203 805 2692 859 interpretationem

489 878 721 921 continet
739 875 1066 930 praefationis
1086 875 1641 929 Progymnasmatum
1660 876 1728 918 ad
1744 875 2079 930 Rudolphum
2100 877 2480 931 imperatorem
2501 878 2693 932 operis-

489 960 589 1002 que
609 948 763 1003 hujus
784 946 1098 1001 paginarum
1118 946 1204 989 787
1209 946 1368 990 —816.
1390 947 1537 989 Alter
1556 946 1761 989 libellus
1779 946 1890 1000 ipse
1904 947 2119 1001 Anglice
2133 947 2358 1002 scriptus
2373 948 2448 991 sic
2462 948 2693 993 inscribi-

486 1023 592 1062 tur:
632 1018 746 1060 Tbe
775 1017 919 1060 New
947 1016 1103 1061 Starr
1131 1016 1196 1060 ot*
1219 1017 1309 1059 the
1338 1016 1527 1070 North,
1562 1016 1792 1071 shining
1821 1027 1964 1071 Vpon
2001 1017 2090 1060 the
2127 1016 2433 1062 Victorious
2462 1019 2614 1074 King
2639 1019 2704 1063 of

489 1090 729 1134 Sweden
750 1088 994 1146 (Londini
1018 1088 1145 1140 1632,
1167 1088 1225 1131 50
1245 1100 1393 1143 pagg.
1410 1089 1463 1131 in
1476 1088 1565 1145 4⁰),
1589 1091 1806 1132 ornatus
1828 1091 2007 1132 autem
2029 1092 2107 1132 est
2126 1089 2297 1144 effigie
2317 1090 2451 1145 regis
2473 1091 2693 1135 Gustavi

486 1160 731 1215 Adolphi.
767 1160 967 1215 Lingua
988 1160 1190 1203 Batava
1216 1171 1388 1203 versae
1415 1163 1535 1202 sunt
1561 1159 2116 1214 Progymnasmatum
2145 1161 2352 1216 paginae
2379 1161 2614 1206 800—808
2639 1163 2691 1206 in

487 1232 662 1275 libello
677 1230 1112 1285 Prognosticatie
1131 1230 1248 1274 Van
1264 1231 1370 1274 den
1386 1241 1519 1273 seer
1532 1231 1903 1274 Vermaerden
1916 1230 2212 1275 Astronom
2221 1243 2287 1275 us
2307 1232 2494 1287 Tycho
2507 1233 2691 1277 Bralie

488 1314 624 1347 over
638 1302 711 1345 80.
724 1303 892 1358 Jaren
916 1303 1130 1356 gedaen
1154 1313 1221 1356 op
1244 1313 1348 1345 een
1367 1302 1603 1345 Nieuwe
1626 1301 1826 1355 Sterre,
1856 1313 1960 1345 een
1987 1303 2219 1357 gantsch
2232 1303 2368 1359 Jaer
2381 1304 2549 1358 langh
2573 1316 2693 1348 ver-

487 1374 752 1427 schenen,
784 1373 949 1417 Anno
984 1374 1099 1416 1572
1129 1373 1264 1431 (1654
1289 1386 1329 1417 s.
1359 1375 1408 1426 1.,
1443 1374 1470 1417 8
1495 1386 1644 1429 pagg.
1673 1374 1725 1416 in
1751 1373 1845 1431 4⁰);
1881 1377 2039 1428 atque
2072 1375 2309 1431 ejusdem
2342 1376 2544 1431 generis
2576 1388 2691 1420 esse

486 1447 693 1490 videtur
717 1446 938 1497 libellus,
970 1445 1059 1499 qui
1083 1445 1384 1488 inscribitur
1413 1444 1688 1489 Generale
1713 1445 2148 1499 Prognosticatie
2179 1457 2284 1490 van
2312 1446 2410 1489 het
2422 1445 2552 1502 jaer
2580 1447 2693 1490 1572

488 1518 563 1561 tot
593 1517 766 1560 desen
802 1518 960 1571 tegen
969 1515 1317 1570 woordingen
1342 1516 1487 1572 Jare,
1523 1517 1665 1559 alles
1697 1516 1753 1559 in
1787 1516 1968 1572 Latijn
2002 1516 2348 1561 beschreven
2384 1529 2490 1561 van
2523 1518 2692 1562 Ticho

486 1589 669 1632 Brahe
689 1588 914 1646 (Goudae
939 1587 1084 1645 1648).

545 1661 613 1703 ad
634 1673 681 1715 p.
704 1660 850 1717 315,2]
878 1660 957 1702 De
979 1659 1304 1702 Castellionis
1331 1659 1442 1702 sive
1464 1659 1775 1703 Castalionis
1794 1658 1992 1703 Bibliae
2017 1660 2464 1715 interpretatione,
2493 1662 2577 1705 cui
2605 1662 2692 1705 ad-

487 1732 610 1774 ditae
630 1734 751 1774 sunt
771 1731 1140 1774 annotationes
1161 1731 1462 1786 exegeticae,
1486 1731 1552 1774 cf.
1577 1734 1754 1774 annot.
1779 1731 1847 1774 ad
1868 1744 1916 1786 p.
1945 1731 2095 1783 151‚2⁶.

546 1803 614 1845 ad
634 1815 683 1857 p.
705 1802 863 1859 315,13]
884 1802 986 1845 vid.
1010 1802 1220 1856 Iosephi
1238 1801 1365 1844 Ant.
1388 1802 1500 1844 Iud.
1526 1802 1546 1843 Ι
1568 1802 1595 1845 6
1614 1801 1719 1859 (123
1740 1815 1815 1857 sq.
1841 1803 2029 1860 Niese).

547 1875 615 1917 ad
635 1887 683 1929 p.
706 1873 829 1926 316‚⁷
849 1874 864 1930 ]
884 1873 988 1916 vid.
1006 1874 1235 1916 Gemma
1256 1874 1301 1915 II
1322 1886 1407 1928 pp.
1429 1873 1512 1916 149
1531 1885 1644 1928 sqq.
1668 1877 1719 1917 et
1739 1874 1805 1917 cf.
1830 1874 2056 1926 Riccioli‚
2078 1873 2463 1928 Almagestum
2486 1886 2687 1919 novum

484 1948 613 1988 tom.
637 1946 657 1987 I
679 1948 811 1999 part.
834 1945 862 1987 2
881 1957 930 1999 p.
957 1945 1055 1987 179.

547 2017 615 2058 ad
635 2028 684 2070 p.
706 2016 850 2073 317,2]
872 2016 974 2058 vid.
1000 2015 1244 2059 Hectoris
1266 2016 1428 2059 Boetii
1450 2014 1735 2059 Scotorum
1758 2016 2001 2060 Historia
2021 2017 2175 2075 (1526)
2194 2017 2301 2061 foll.
2329 2018 2346 2060 l
2371 2030 2484 2072 sqq.

547 2087 615 2129 ad
635 2099 683 2141 p.
706 2087 850 2144 318‚4]
874 2086 1265 2141 Sibyllinorum
1289 2087 1629 2130 oraculorum
1658 2086 1784 2130 libri
1808 2087 1933 2130 VIII
1948 2088 2231 2143 interprete
2253 2089 2369 2133 Seb.
2393 2089 2691 2133 Castalione

486 2158 723 2215 (Basileae
748 2158 878 2215 1555)
897 2158 983 2201 lib.
1007 2159 1052 2200 II
1073 2171 1122 2212 p.
1146 2158 1216 2201 72.

547 2230 616 2272 ad
634 2241 683 2283 p.
706 2229 863 2286 318,1⁶]
883 2229 1004 2272 ibid.
1027 2229 1112 2273 lib.
1137 2230 1206 2271 III
1228 2241 1276 2284 p.
1303 2229 1400 2272 115.

547 2300 615 2342 ad
634 2312 683 2354 p.
706 2300 863 2357 318,19]
884 2300 1006 2343 ibid.
1029 2301 1115 2343 lib.
1137 2300 1184 2343 V
1203 2313 1252 2355 p.
1279 2300 1376 2343 179.

547 2372 614 2414 ad
634 2383 683 2425 p.
706 2371 825 2423 319,1
848 2372 863 2429 ]
884 2371 1006 2415 ibid.
1029 2372 1115 2415 lib.
1138 2372 1184 2414 II
1204 2384 1253 2426 p.
1276 2371 1347 2414 72.

547 2442 615 2485 ad
633 2454 682 2496 p.
705 2442 828 2495 320,2
848 2443 863 2500 ]
886 2443 1038 2486 Hanc
1056 2443 1419 2498 Appendicem
1435 2455 1467 2485 a
1482 2443 1711 2497 Keplero
1732 2442 1988 2497 scriptam
2009 2455 2125 2487 esse
2143 2443 2255 2499 ipse
2274 2447 2499 2488 testatur
2516 2444 2571 2488 in
2590 2445 2692 2500 epi-

486 2514 623 2556 stula
650 2526 695 2556 a.
723 2513 835 2557 1610
863 2515 931 2557 ad
958 2514 1231 2569 Maginum
1258 2514 1383 2557 data
1408 2513 1528 2571 (Op.
1553 2514 1622 2556 III
1649 2526 1698 2568 p.
1721 2514 1830 2566 495;
1863 2513 2382 2570 Carteggio.1·ned1·t0
2409 2515 2466 2558 di
2489 2515 2691 2560 Ticone

485 2583 685 2637 Brabe,
714 2583 991 2628 Giovanni
1010 2585 1252 2639 Keplero
1273 2596 1304 2628 e
1326 2585 1383 2628 di
1401 2584 1525 2629 altri
1544 2584 1751 2628 celebri
1768 2585 2071 2629 astronomi
2089 2597 2120 2629 e
2141 2586 2480 2630 matematici
2498 2586 2590 2630 dei
2606 2597 2691 2630 se-

486 2654 595 2697 coli
607 2655 744 2698 XVI
753 2667 784 2698 e
800 2656 960 2699 XVII
971 2667 1073 2699 con
1093 2655 1369 2700 Giovanni
1380 2656 1622 2700 Antonio
1635 2656 1849 2711 Magini
1861 2658 1941 2701 ed.
1955 2658 2184 2702 Antonio
2200 2659 2405 2702 Favaro
2420 2658 2690 2716 [Bononiae

490 2726 619 2783 1886]
639 2739 688 2781 p.
710 2727 835 2784 331):
869 2728 1212 2782 »Appendicis
1234 2729 1302 2771 ad
1322 2730 1798 2784 Progymnasmata
1817 2729 1929 2784 ipse
1951 2729 2145 2773 author
2163 2742 2328 2773 sum«.
2358 2730 2535 2782 Quare
2556 2730 2691 2773 inter

487 2797 663 2851 Opera
683 2799 794 2853 ejus
813 2799 901 2855 (VI
921 2811 1006 2853 pp.
1029 2798 1116 2842 568
1136 2799 1271 2857 sqq.)
1289 2801 1470 2843 locum
1488 2800 1700 2843 invenit.

546 2869 614 2911 ad
640 2881 688 2924 p.
716 2869 874 2927 320‚34]
902 2870 1114 2914 Litterae
1142 2871 1253 2915 KK.
1283 2872 1386 2914 LL.
1415 2871 1969 2926 Progymnasmatum
1997 2872 2124 2916 folia
2150 2874 2577 2927 complectuntur
2601 2873 2688 2916 257

486 2940 647 2982 —272.

546 3011 614 3053 ad
640 3023 688 3065 p.
716 3012 862 3069 32l‚⁷]
896 3012 1280 3064 Quaterniones
1307 3015 1391 3056 vel
1418 3014 1752 3058 octerniones
1777 3015 1826 3057 P.
1850 3014 1910 3066 Q.
1934 3015 1987 3058 R.
2015 3015 2234 3070 paginas
2264 3016 2690 3069 complectuntur

486 3081 513 3124 Ο
532 3082 701 3125 1-136
726 3082 899 3140 (huJus
926 3083 1167 3127 editionis
1186 3087 1315 3128 tom.
1340 3085 1385 3126 II
1409 3097 1494 3139 pp.
1517 3084 1756 3142 97—149)‚
1786 3097 2015 3139 quorum
2035 3085 2213 3140 viginti
2232 3086 2504 3143 (117—136)
2526 3087 2596 3130 ad
2615 3086 2689 3129 lit-

485 3156 657 3195 teram
678 3154 729 3196 R.
752 3154 1026 3207 pertinent.

547 3224 615 3266 ad
627 3236 676 3278 p.
693 3224 774 3266 321
784 3225 850 3282 ‚24]
864 3226 1017 3269 Anno
1037 3226 1148 3269 1589
1162 3226 1409 3270 Hvenam
1424 3227 1566 3269 venit
1578 3227 2049 3282 Longomontanus
2064 3231 2115 3271 et
2128 3239 2295 3282 usque
2311 3229 2379 3271 ad
2394 3241 2463 3271 m.
2473 3227 2501 3279 J
2504 3228 2688 3271 unium

488 3306 534 3336 a.
561 3294 672 3337 1597
694 3307 816 3337 cum
836 3296 1088 3350 Tychone
1109 3297 1252 3349 vixit,
1280 3300 1466 3351 postea
1486 3309 1615 3341 vero
1638 3310 1778 3342 anno
1803 3298 1916 3341 1600
1937 3299 2003 3342 ab
2021 3298 2049 3350 J
2053 3299 2274 3342 anuario
2297 3310 2479 3342 mense
2500 3299 2569 3341 ad
2587 3299 2688 3341 Au-

486 3368 695 3419 gustum
715 3367 894 3421 Pragae
922 3379 1046 3410 cum
1073 3379 1136 3411 eo
1165 3371 1530 3412 commoratus
1558 3371 1651 3420 est,
1674 3369 1850 3413 ‘donec
1871 3369 1924 3412 in
1944 3370 2174 3413 Daniam
2199 3369 2429 3413 revertit.
2460 3370 2687 3412 Multum
