2976 4264
682 313 1562 368 PROGYMNASMATUM
1589 314 1898 367 TERTIA
1925 314 2127 367 PARS
2413 313 2506 366 215

303 454 606 507 Distantiae
627 458 754 508 eius
774 472 811 508 a
830 455 1014 509 Terra
1033 464 1210 522 atque
1235 458 1670 523 magnitudines
1696 473 1844 522 quas
1870 456 2072 517 adfert,
2099 456 2301 520 aliquo
2327 456 2506 508 modo

301 525 651 579 tolerabiles.
672 527 842 579 Vnde
867 534 1069 580 tamen
1094 544 1298 581 veram
1322 528 1517 581 Stellae
1544 529 1919 581 Diametrum
1944 530 2007 580 in
2032 527 2360 580 miliaribus
2385 534 2507 579 tam

302 596 580 649 subtiliter
611 614 926 651 numerare
958 602 1227 664 potuerit,
1268 615 1403 652 cum
1435 600 1665 652 nullam
1697 606 2082 664 apparentem
2114 614 2187 651 ex
2220 597 2506 651 Obserua-

302 667 560 720 tionibus
580 669 908 733 depromat:
937 672 1057 735 qua
1076 686 1212 723 cum
1232 671 1519 724 Distantia
1538 687 1576 724 a
1593 670 1778 723 Terra
1797 670 2026 731 collata,
2050 686 2191 722 vera
2211 672 2507 734 quantitas

231 756 253 790 5
302 738 710 804 praefiniretur,
732 741 1008 805 equidem
1027 757 1151 794 non
1170 742 1360 794 video,
1390 743 1459 794 Et
1478 749 1537 794 vt
1555 745 1760 807 paucis
1780 741 2100 802 absoluam‚
2122 741 2282 806 quod
2302 756 2394 792 res
2415 740 2506 801 est,

183 819 271 862 702
303 825 438 862 cum
452 811 790 864 Parallaxes
809 811 947 877 ipsae
968 828 1117 877 quas
1136 829 1243 878 pro
1258 809 1278 881 ΙΙ
1292 813 1680 866 fundamento
1700 813 1928 879 allegat,
1950 827 2333 877 nequaquam
2352 815 2433 864 ita
2452 811 2507 863 se

301 881 632 942 habuerint,
652 882 748 935 sed
768 885 979 935 reuera
998 884 1181 936 nullae
1200 884 1434 949 prorsus
1454 884 1685 945 fuerint,
1707 887 1910 936 omnia
1924 884 2153 949 reliqua
2167 899 2302 948 quae
2316 883 2507 948 super-

301 952 474 1014 struit,
490 953 562 1006 de
577 952 907 1007 differentia
920 954 1035 1007 loci
1049 958 1173 1007 veri
1188 955 1239 1007 δι
1253 955 1371 1016 vifi,
1387 955 1645 1021 respectu
1654 955 1997 1020 AEquatoris
2011 955 2064 1007 &
2078 955 2388 1019 Eclipticae,
2404 954 2507 1006 Di-

302 1023 507 1077 stantia
520 1040 558 1077 a
570 1024 770 1086 Terra,
793 1025 1101 1078 Diametro
1117 1026 1334 1079 Sideris
1348 1043 1505 1087 vera,
1521 1030 1766 1092 eiusque
1781 1027 1857 1079 ad
1870 1026 2116 1078 Terram
2130 1028 2508 1090 proportione

212 1112 254 1146 10
303 1094 355 1147 δι
374 1096 666 1148 incidente
686 1100 1030 1159 mutatione,
1051 1097 1508 1162 superuacanea,
1529 1098 1879 1163 prorsusque
1894 1114 1931 1150 a
1944 1113 2007 1149 re
2024 1097 2145 1162 ipsa
2159 1097 2357 1149 aliena
2371 1112 2508 1149 eua-

303 1167 464 1219 dunt.
498 1167 653 1230 Quae
678 1183 820 1220 vero
847 1171 1001 1221 circa
1026 1169 1156 1221 haec
1181 1167 1408 1229 rectiuS,
1437 1185 1468 1221 e
1494 1172 1740 1221 minime
1767 1169 1959 1235 dubijs
1987 1167 2510 1221 obseruationibus

302 1238 684 1291 demonstrari
709 1246 994 1305 poterant,
1021 1240 1124 1293 illa
1146 1257 1183 1293 a
1205 1241 1375 1293 nobis
1398 1243 1461 1292 in
1484 1240 1757 1293 Secunda
1778 1240 1958 1292 huius
1978 1240 2135 1292 Libri
2160 1246 2340 1304 parte,
2368 1242 2510 1291 citra

303 1309 744 1375 ambiguitatem
756 1311 1014 1376 expolita
1024 1311 1169 1364 sunt.
1182 1311 1348 1364 Illinc
1360 1315 1462 1376 qui
1469 1312 1642 1372 volet,
1651 1311 1752 1364 ista
1762 1311 1879 1363 huc
1890 1311 2102 1363 referat
2114 1310 2508 1375 conferatque.

304 1380 471 1441 Mox,
493 1397 676 1445 quam
694 1381 825 1434 haec
843 1390 967 1435 toto
986 1398 1138 1447 pene
1160 1382 1328 1435 Caelo
1349 1386 1499 1435 inter
1518 1383 1573 1435 se
1595 1383 1932 1443 dissentiant,
1952 1382 2122 1434 facile
2143 1382 2437 1434 discernet.

213 1468 254 1502 15
375 1452 463 1504 Ex
488 1452 601 1505 hac
627 1452 1017 1506 nihilominus
1036 1454 1415 1506 Parallaxeos
1436 1454 1709 1515 exilitate,
1737 1469 1873 1519 quae
1892 1461 2060 1506 terna
2080 1453 2368 1518 Scrupula
2387 1468 2511 1504 non

305 1524 623 1585 excesserat‚
657 1524 915 1586 Stellam,
948 1525 1020 1577 de
1053 1541 1173 1590 qua
1204 1529 1467 1594 agimuS,
1484 1526 1672 1577 Lunae
1704 1525 1865 1577 sedes
1894 1525 2066 1590 longe
2095 1524 2509 1584 transcendisse,

303 1593 653 1648 sufficienter
672 1596 917 1662 collegit.

375 1667 571 1731 Atque
587 1666 742 1728 hinc,
764 1668 1052 1732 quidnam
1066 1667 1245 1720 Stella
1258 1667 1388 1720 haec
1402 1667 1591 1728 fuerit,
1612 1667 2046 1732 perquisituruS,
2067 1683 2175 1719 nec
2189 1667 2509 1726 Planetam,

305 1753 413 1790 nec
427 1741 605 1790 etiam
619 1754 801 1791 vnam
816 1755 847 1791 e
863 1739 1020 1791 Fixis
1034 1738 1333 1791 Sideribus
1346 1742 1556 1791 merito
1578 1739 2038 1798 existimandam,
2059 1754 2183 1790 non
2203 1737 2512 1790 difficulter

208 1825 255 1859 20
305 1824 336 1860 e
356 1808 488 1870 suiS,
510 1825 658 1874 quas
678 1811 930 1872 adducit,
951 1811 1297 1871 rationibuS,
1319 1811 1650 1863 obtinuerit.
1672 1810 1784 1862 Vbi
1805 1810 1948 1862 dum
1967 1813 2119 1861 inter
2138 1809 2257 1861 alia
2276 1824 2379 1873 per
2398 1809 2510 1861 Ca-

302 1880 538 1944 pellam,
566 1882 726 1946 quod
754 1882 1231 1934 Declinationem
1258 1881 1517 1934 obtineat
1538 1882 1596 1934 P.
1617 1882 1702 1934 45.
1727 1880 1762 1947 l.
1784 1882 1839 1934 7:
1867 1881 1920 1934 &
1946 1880 2253 1946 Longitud.
2276 1883 2338 1931 in
2357 1881 2415 1932 P.
2438 1880 2510 1932 16.

305 1949 340 2017 l.
363 1952 436 2004 10.
468 1955 517 2012 11
531 1994 543 2014 ‚
572 1954 851 2018 quodque
871 1956 1144 2018 vtrinque
1166 1953 1414 2014 easdem,
1440 1960 1563 2005 tam
1582 1953 1771 2018 supra,
1799 1967 1981 2017 quam
2001 1952 2155 2004 infra
2174 1952 2401 2012 Polum,
2425 1966 2511 2002 re-

303 2025 502 2084 tineat,
522 2024 886 2089 probationis
906 2025 1039 2077 loco
1056 2024 1259 2086 adfert,
1280 2025 1339 2077 id
1353 2040 1478 2076 non
1493 2023 2017 2077 obseruationibus
2033 2026 2202 2075 certis
2216 2022 2512 2082 fundatur,

303 2094 399 2146 sed
418 2096 833 2148 tantummodo
854 2095 1105 2149 Calculo
1119 2095 1502 2148 Tabularum.
1524 2096 1656 2148 Fuit
1676 2099 1839 2147 enim
1857 2102 1996 2147 tunc
2016 2097 2296 2159 temporis
2317 2110 2390 2146 ex
2409 2109 2512 2145 no-

210 2182 256 2215 25
304 2165 414 2218 stra
428 2166 653 2219 caelitus
667 2167 989 2232 conquifita
1002 2166 1420 2228 verificatione,
1436 2167 1632 2219 Stellae
1646 2167 1826 2219 huius
1841 2166 2175 2219 Declinatio
2187 2166 2245 2218 P.
2254 2166 2339 2218 45.
2352 2163 2368 2227 Ι
2376 2206 2387 2217 .
2397 2165 2511 2218 27ὲε

306 2236 358 2288 &
372 2237 703 2303 Longitudo
717 2239 776 2292 P.
792 2240 865 2292 15.
883 2237 919 2305 Ι.
934 2239 1019 2291 52.
1045 2242 1095 2298 ][
1109 2280 1120 2291 .
1143 2239 1417 2291 Latitudo
1432 2238 1490 2290 P.
1505 2238 1592 2291 22.
1610 2236 1646 2304 Ι.
1661 2239 1735 2291 51.
1751 2239 1884 2290 Bor.
1901 2253 2036 2302 quae
2052 2237 2125 2289 ab
2140 2236 2315 2301 ipfius
2329 2252 2512 2288 anno-

304 2311 437 2361 tatis
450 2309 775 2374 plurimum
789 2309 1128 2375 discrepant.
1145 2310 1303 2362 Licet
1318 2313 1517 2374 itaque
1532 2325 1620 2371 ea,
1636 2325 1772 2374 quae
1787 2309 1923 2361 inde
1939 2311 2092 2361 circa
2103 2308 2344 2361 Stellam
2358 2307 2513 2359 hanc

306 2380 551 2433 Nouam
578 2382 857 2434 inducere
886 2382 1131 2442 laborat,
1165 2379 1689 2434 contradictionem
1719 2380 1948 2432 nullam
1977 2386 2336 2431 mereantur:
2371 2386 2512 2431 atta·

305 2467 445 2504 men
474 2453 634 2517 quod
663 2452 1004 2518 exemplum
1029 2468 1067 2505 a
1092 2452 1273 2505 Stella
1300 2452 1503 2516 aliqua
1532 2452 1692 2513 Fixa,
1723 2467 1848 2503 non
1878 2466 1909 2502 e
1938 2450 2122 2511 Caelo,
2152 2450 2247 2502 sed
2278 2450 2514 2502 Chartis

211 2538 258 2573 30
306 2526 568 2588 petitum,
588 2524 793 2589 illique
813 2540 938 2576 non
952 2523 1334 2584 consentienS‚
1356 2523 1608 2584 adducit,
1629 2521 2067 2587 reprehensioni
2081 2522 2407 2573 obnoxium
2422 2520 2511 2572 est.

307 2594 471 2658 Quin
497 2594 550 2646 &
575 2611 700 2647 non
727 2595 884 2647 fuisse
911 2595 1176 2660 aliquam
1203 2610 1234 2647 e
1260 2594 1554 2646 veteribus
1582 2594 1900 2658 Cassiopeae
1928 2608 1965 2645 a
1991 2593 2126 2645 Sole
2152 2592 2247 2644 vel
2273 2592 2513 2644 aliunde

307 2666 720 2727 illuminatam,
741 2665 1093 2718 refutatione
1112 2665 1277 2718 haud
1295 2679 1654 2730 magnopere
1675 2664 1937 2729 indiguit.

380 2736 767 2790 Cometarum
792 2737 1027 2802 insuper
1052 2752 1304 2788 numero
1331 2743 1508 2800 atque
1534 2742 1766 2787 naturae
1791 2750 1916 2786 non
1939 2734 2334 2799 assignandam
2359 2733 2514 2785 hanc

308 2807 566 2869 Stellam,
575 2811 833 2860 rationes
844 2810 1090 2859 minime
1102 2807 1498 2871 aspernandas
1508 2806 1792 2871 producit,
1803 2805 1962 2870 quod
1970 2805 2237 2857 videlicet
2247 2805 2514 2857 Cometae

213 2894 259 2928 35
308 2886 573 2932 nontam
594 2879 696 2931 diu
712 2894 977 2943 vnquam
998 2878 1278 2938 durarint,
1299 2893 1409 2930 nec
1428 2877 1530 2930 tali
1550 2877 1743 2929 forma
1761 2876 1874 2929 sese
1896 2875 2227 2937 exhibeant,
2250 2875 2302 2927 &
2322 2876 2396 2928 ob
2419 2891 2513 2927 eo-

309 2966 443 3003 rum
468 2953 778 3003 materiam
797 2949 1163 3014 vaporosam,
1191 2965 1326 3013 quae
1352 2949 1491 3000 huic
1512 2948 1707 3001 Steuae
1727 2963 1851 3000 non
1870 2947 2155 2999 sufficeret
2176 2947 2296 3011 (vbi
2315 2954 2515 2999 tamen

308 3021 629 3074 Aristotelis
654 3024 997 3081 imitatione,
1026 3020 1305 3073 Cometas
1327 3035 1358 3071 e
1378 3019 1697 3084 vaporibus
1719 3019 2075 3071 terrestribus
2094 3021 2376 3084 generari,
2398 3017 2514 3069 fru-

308 3093 419 3145 stra
431 3093 700 3145 intendit:
714 3092 913 3144 Veluti
927 3094 1105 3144 etiam
1117 3091 1397 3144 Cometas
1410 3097 1634 3143 tantam
1650 3090 1868 3142 habere
1883 3090 2236 3150 Parallaxin,
2251 3096 2311 3141 vt
2324 3089 2514 3141 sublu-

310 3180 484 3216 nares
499 3164 772 3225 euadant‚
788 3164 1064 3215 incassum
1078 3163 1152 3214 ab
1166 3162 1287 3226 ipso
1303 3161 1620 3225 assumitur)
1635 3177 1740 3226 per
1752 3164 2142 3214 mutationem
2155 3161 2389 3225 insuper
2401 3160 2514 3212 Co-

215 3249 262 3283 40
310 3236 467 3295 loriS‚
490 3251 563 3287 ex
583 3250 703 3300 quo
718 3234 986 3287 Cometae
1008 3233 1178 3285 illum
1196 3248 1321 3284 non
1334 3235 1578 3294 varient,
1599 3232 1750 3285 nihil
1764 3235 1942 3285 etiam
1957 3234 2212 3293 euicerit,
2233 3231 2516 3296 siquidem

311 3322 413 3358 eos
434 3306 691 3359 eundem
715 3311 999 3371 perpetuo
1022 3307 1288 3365 retinere,
1316 3304 1586 3356 nondum
1605 3306 1770 3356 omni
1792 3319 1865 3355 ex
1883 3311 2047 3369 parte
2069 3302 2516 3368 comprobatum

312 3377 402 3430 en.
431 3377 543 3430 Sed
571 3378 731 3442 quod
756 3376 1074 3428 immobilis
1100 3375 1289 3435 fuerit,
1316 3375 1374 3427 id
1396 3391 1531 3427 cum
1553 3375 1815 3428 Cometis
1836 3390 2151 3426 commune
2171 3377 2270 3426 vix
2293 3373 2514 3426 habuit.

2278 3445 2514 3496 Vltimae
