2976 4264
499 317 604 369 230
1001 313 1611 366 ASTRONOMIAE
1637 312 2202 367 INSTAURATAE

499 473 666 523 opeae
686 456 935 521 figuram
957 454 1415 519 quadrilateram
1434 454 1534 507 seu
1551 454 1890 507 Rhombum
1905 454 2106 519 (quem
2119 455 2217 507 ille
2231 455 2482 521 figuram
2497 459 2699 518 cruciS,

498 527 890 593 superstitione
916 529 1110 591 potius
1137 526 1413 590 quadam,
1445 541 1627 590 quam
1653 526 1813 590 quod
1838 526 1954 578 tale
1981 526 2205 591 aliquid
2230 530 2464 591 proprie
2490 527 2587 580 hic
2613 544 2699 580 re-

497 598 957 665 praesentaretur,
988 596 1391 661 nuncupabat)
1422 597 1746 661 expressisse,
1776 596 1926 648 nihil
1952 597 2153 649 absoni
2181 597 2435 662 protulit.
2467 598 2701 651 Caetera

496 684 647 735 pene
668 671 889 729 omnia,
911 683 1047 732 quae
1066 667 1460 732 superinducit
1479 675 1656 732 atque
1677 668 1870 720 eidem
1889 668 2159 733 applicat,
2179 671 2394 733 partim
2413 669 2626 730 aliena,
2648 669 2700 721 &

496 756 603 806 pro
630 739 794 791 libito
822 738 1028 800 efficta,
1054 741 1268 804 partim
1292 741 1469 790 nimis
1495 739 1715 791 duriter
1739 738 1857 791 huc
1884 738 2084 793 coacta
2108 740 2253 792 sunt.
2281 740 2443 792 Nam
2469 756 2604 805 quae
2628 741 2700 793 de
2750 758 2772 793 5

496 811 845 875 AEthiopum
860 813 1100 875 origine,
1121 810 1384 862 moribus
1399 816 1575 875 atque
1589 810 1871 871 institutiS,
1891 816 2018 862 tum
2032 813 2210 863 etiam
2222 811 2514 863 Asterismi
2529 811 2700 864 Cassi-

498 898 665 947 opeae
692 881 992 934 occafione
1020 880 1072 932 ἃ
1096 880 1628 946 fignificationibuS,
1657 884 1721 933 in
1748 881 2012 934 medium
2036 882 2320 947 producit,
2351 882 2447 934 etfi
2476 898 2596 947 quo
2625 882 2700 935 ad

498 953 790 1019 quaedam,
813 968 885 1004 ex
900 952 1170 1018 Historijs
1189 952 1594 1004 vetustioribus
1615 953 1962 1018 deprompta
1980 952 2103 1014 fint,
2125 952 2177 1005 &
2196 953 2524 1018 plaufibilia
2542 953 2699 1006 vide-

497 1030 692 1077 antur:
719 1030 921 1076 tamen
945 1039 1053 1088 pro
1078 1026 1291 1075 maiori
1316 1030 1498 1088 parte,
1524 1024 1839 1076 Petitarum
1862 1024 2143 1089 figmenta
2160 1024 2447 1077 redolent:
2476 1024 2528 1076 &
2553 1040 2699 1077 non-

496 1095 663 1148 nulla
683 1110 891 1147 eorum
910 1095 984 1147 ab
1004 1094 1126 1160 ipso
1140 1094 1383 1147 PosteHo
1403 1097 1485 1148 ita
1497 1095 1771 1148 videntur
1789 1111 1896 1160 pro
1916 1095 2084 1148 libitu
2105 1098 2444 1161 excogitata,
2465 1095 2699 1160 praeser-
2753 1112 2796 1148 ιο

495 1170 616 1228 tim,
638 1173 927 1231 quantum
941 1165 1016 1218 ad
1030 1166 1249 1218 Adami
1265 1166 1446 1219 libros
1460 1167 1719 1219 Rituales
1735 1167 1973 1232 Magiae,
1995 1169 2212 1228 attinet,
2234 1182 2383 1232 quos
2399 1166 2701 1219 Chamum

497 1254 570 1291 ex
579 1239 737 1290 Arca
747 1237 1023 1298 furatum,
1037 1237 1229 1290 Cussio
1243 1240 1633 1303 primogenito
1647 1238 1750 1290 suo
1764 1237 1940 1303 (vnde
1954 1238 2251 1303 Cussiopes
2262 1238 2380 1290 fiue
2390 1238 2700 1302 AEthiopes

496 1312 765 1375 prognati
787 1308 914 1373 sint)
943 1308 1147 1361 dedisse
1168 1311 1265 1371 ait,
1292 1309 1549 1374 indeque
1569 1308 1788 1362 factum
1807 1316 1867 1361 vt
1886 1309 2196 1374 AEthiopes
2215 1312 2279 1361 in
2298 1309 2504 1375 Magia
2523 1316 2700 1380 atque

496 1380 872 1432 Astronomia
889 1396 1013 1445 prae
1034 1382 1258 1432 caeteris
1277 1380 1633 1442 nationibus,
1656 1380 2057 1433 excelluerint:
2083 1381 2277 1441 Hanc,
2299 1383 2562 1445 inquam,
2583 1380 2699 1433 Sci-

497 1455 732 1512 entiam,
757 1467 837 1504 an
857 1467 888 1504 e
909 1451 1070 1504 libris
1091 1451 1444 1504 eiuscemodi
1463 1467 1567 1517 per
1586 1467 1802 1504 manus
1821 1453 1958 1505 inde
1979 1452 2053 1505 ab
2073 1452 2310 1504 Adamo
2329 1452 2554 1506 traditis
2573 1447 2701 1520 ha-ll
2756 1467 2798 1503 15

494 1524 741 1584 buerint,
769 1523 1002 1588 prorsus
1028 1526 1318 1575 incertum
1345 1524 1449 1575 esse
1474 1523 1687 1585 iudico,
1716 1539 1852 1575 cum
1877 1539 2071 1588 neque
2098 1526 2162 1575 in
2186 1523 2359 1575 sacris
2379 1522 2583 1588 Biblijs
2602 1538 2701 1575 ne·
2734 1531 2821 1574 717

496 1611 611 1659 que
626 1594 888 1660 Ioseph0,
907 1601 1009 1647 aut
1022 1594 1287 1656 Philone,
1308 1594 1526 1647 horum
1539 1594 1642 1647 fiat
1655 1597 1894 1647 mentio.
1917 1595 2136 1647 Narrat
2151 1595 2391 1659 quidem
2406 1593 2702 1659 IosephuS,
2753 1603 2781 1647 ·1·

495 1666 674 1718 Filios
685 1666 905 1718 Adami
917 1666 1151 1719 Statuas
1163 1665 1333 1718 binas
1349 1667 1596 1727 erexisse,
1612 1669 1675 1718 in
1689 1666 1903 1731 quibus
1916 1666 2020 1719 sua
2033 1666 2285 1718 Inuenta
2295 1665 2703 1717 Astronomica

496 1738 866 1798 denotarunt,
892 1744 952 1789 vt
977 1737 1215 1802 posteris
1242 1738 1411 1789 essent
1436 1741 1499 1790 in
1521 1737 1853 1802 propatu10‚
1881 1753 1989 1789 nec
2010 1737 2299 1790 obliuioni
2318 1737 2701 1790 traderentur.

495 1810 574 1861 At
588 1809 659 1861 de
667 1808 905 1861 Adamo
919 1809 1057 1873 ips0,
1074 1808 1311 1874 eiusque
1327 1809 1514 1861 Libris
1526 1808 1853 1862 Ritualibus
1866 1809 2132 1874 Magicis,
2147 1808 2378 1861 nullam
2390 1807 2527 1860 facit
2539 1823 2702 1860 men·
2752 1823 2798 1859 20

494 1883 740 1933 tionem:
761 1896 870 1932 nec
885 1879 1158 1932 credibile
1174 1880 1264 1942 est,
1286 1880 1606 1941 Adamum,
1629 1881 1912 1945 Magiam,
1935 1895 2070 1945 quae
2085 1880 2306 1940 ritibuS,
2327 1885 2430 1932 aut
2445 1879 2702 1944 supersti-

494 1951 649 2004 tiofis
670 1951 1040 2017 Ceremonijs
1061 1951 1357 2012 constaret,
1380 1953 1703 2012 exercuisse,
1730 1952 1954 2004 nedum
1972 1958 2032 2003 vt
2051 1951 2127 2003 ad
2148 1951 2542 2003 Posteritatem
2561 1950 2705 2003 talia

495 2022 672 2083 libris,
702 2022 981 2087 (quorum
1007 2025 1185 2074 etiam
1209 2029 1349 2074 tunc
1374 2022 1580 2087 procul
1606 2023 1786 2075 dubio
1810 2022 2010 2075 nullus
2030 2022 2162 2074 vsus
2184 2021 2329 2086 erat)
2352 2021 2702 2087 consignata,

494 2096 820 2146 intentione
840 2109 999 2146 vana
1017 2093 1439 2146 transmitteret.

566 2165 752 2217 Haud
768 2171 968 2217 tamen
981 2167 1409 2217 inconueniens
1423 2165 1669 2226 videtur,
1691 2165 1852 2229 quod
1865 2164 2141 2217 Postellus
2156 2163 2407 2224 adducit,
2429 2163 2501 2216 de
2516 2165 2704 2216 caussa
2753 2179 2798 2214 25

494 2242 675 2288 tantae
704 2236 1022 2302 nigredinis
1051 2236 1488 2297 Africanorum,
1517 2236 1837 2301 praesertim
1865 2238 1928 2287 in
1955 2235 2263 2300 AEthiopia
2290 2234 2702 2296 habitantium,

496 2323 631 2359 cum
651 2307 918 2359 videlicet
937 2323 1062 2359 non
1080 2307 1282 2359 saltem
1303 2323 1334 2359 e
1356 2307 1523 2368 Caeli,
1544 2307 1640 2359 sed
1661 2310 1839 2359 etiam
1859 2307 2010 2360 Solis
2029 2306 2313 2371 peculiari
2332 2309 2408 2367 vi,
2435 2306 2591 2359 hanc
2617 2308 2703 2358 in-

497 2378 639 2431 colis
658 2381 960 2444 propriam
977 2380 1097 2440 esse,
1120 2394 1191 2431 eo
1207 2379 1366 2443 quod
1379 2378 1587 2444 posteri
1601 2378 1707 2430 s1nt
1722 2378 1956 2439 Chami,
1978 2381 2080 2443 qui
2094 2393 2198 2443 per
2210 2376 2701 2438 maledictionem,

495 2452 782 2514 quoniam
799 2450 1031 2502 Patrem
1050 2450 1341 2502 nudatum
1361 2450 1626 2510 irriserat,
1648 2465 1784 2502 cum
1802 2456 1925 2502 tota
1943 2449 2047 2502 sua
2065 2451 2360 2514 progenie,
2381 2448 2493 2501 hac
2512 2451 2699 2514 nigre·
2749 2457 2777 2500 ·1·

495 2521 647 2573 dinis
667 2527 809 2574 nota
828 2527 950 2573 tam
969 2523 1229 2582 interiuS,
1252 2537 1434 2586 quam
1454 2523 1708 2573 exterius
1729 2520 2193 2573 commaculatus
2212 2520 2292 2581 fit,
2313 2521 2527 2572 asserat.
2553 2520 2700 2573 Sunt
2749 2535 2796 2571 30

495 2595 670 2653 enim,
691 2598 751 2644 vt
770 2590 922 2644 recte
942 2595 1038 2653 ait,
1060 2592 1195 2645 aliae
1212 2592 1452 2654 GenteS,
1475 2608 1611 2657 quae
1632 2608 1803 2657 aeque
1825 2592 2024 2645 Solem
2042 2590 2354 2644 verticibus
2374 2590 2490 2643 suis
2510 2593 2700 2643 immi-

494 2670 734 2716 nentem
753 2662 994 2715 habent:
1017 2663 1286 2728 adeoque
1305 2663 1406 2716 sub
1427 2664 1550 2728 ipso
1569 2663 1918 2728 AEquatore:
1941 2679 2076 2728 quae
2096 2669 2297 2715 tamen
2316 2669 2439 2715 tam
2458 2662 2702 2715 obscura

494 2735 794 2800 nigredine
814 2740 936 2787 toto
957 2750 1201 2800 corpore
1222 2750 1346 2787 non
1364 2734 1495 2787 sunt
1514 2734 1827 2787 offuscatae.

564 2806 745 2858 Porro
779 2806 938 2870 quod
971 2806 1315 2858 vetustissimi
1347 2821 1546 2858 rerum
1579 2805 1914 2859 Caelestium
1946 2805 2453 2870 contemplatores,
2486 2803 2605 2856 fiue
2638 2806 2701 2856 in

493 2877 798 2942 AEthiopia
810 2877 929 2930 fiue
944 2877 1100 2939 alibi,
1122 2877 1329 2939 stellis,
1350 2880 1516 2930 iuxta
1530 2893 1679 2942 quas
1693 2877 1876 2929 Noua
1894 2876 2024 2929 haec
2045 2879 2243 2937 extitit,
2263 2876 2582 2940 Cassiopeae
2595 2890 2699 2927 no·
2748 2891 2795 2926 35

493 2963 632 3000 men
658 2948 995 3001 indiderunt
1020 2955 1196 3013 atque
1225 2964 1297 3000 ex
1316 2948 1667 3013 AEthiopum
1693 2948 1954 3013 quadam
1982 2948 2084 3012 (vti
2109 2946 2326 3010 ferunt)
2354 2947 2575 3012 Regina
2599 2962 2699 3011 ap-

494 3019 803 3083 pellarunt,
824 3035 1037 3084 parum
1057 3020 1133 3072 ad
1152 3019 1331 3072 huius
1350 3019 1664 3085 portentofi
1678 3019 1894 3071 Sideris
1909 3018 2245 3084 Significata
2265 3017 2543 3079 eruenda,
2563 3032 2699 3069 meo

494 3090 727 3151 iudici0,
750 3091 1037 3143 conducit.
1061 3091 1547 3143 Constellationes
1568 3093 1786 3142 etenim
1806 3090 1941 3151 illae,
1963 3105 2111 3154 quas
2132 3091 2523 3141 communiter
2535 3091 2700 3140 iuxta

495 3163 816 3225 antiquitus
842 3168 1137 3226 receptam
1164 3162 1726 3223 denominationem,
1757 3160 1952 3213 adhuc
1977 3160 2180 3226 ijsdem
2205 3158 2699 3225 appellationibus

494 3231 849 3296 infignimuS,
877 3232 951 3284 ab
973 3232 1232 3284 Ethnicis
1254 3233 1306 3285 &
1325 3232 2019 3298 gentilibushominibu&
2046 3247 2153 3296 pro
2179 3233 2392 3283 maiori
2417 3236 2581 3295 parte
2602 3245 2697 3282 ex·
2747 3245 2794 3280 40

496 3304 759 3367 cogitatae
781 3301 1163 3368 confictaeque
1183 3303 1328 3365 sunt,
1350 3306 1452 3368 qui
1471 3306 1731 3369 genuina
1745 3303 2059 3356 Stellarum
2078 3304 2325 3354 nomina
2344 3301 2448 3353 soli
2469 3301 2619 3362 De0,
2639 3307 2700 3352 vt

495 3372 670 3425 habet
684 3373 960 3435 PsalmuS‚
981 3375 1076 3426 vel
1095 3374 1241 3427 forte
1263 3377 1441 3427 etiam
1455 3374 1713 3440 AngeliS,
1733 3374 1855 3440 ipso
1877 3373 2248 3434 concedente,
2271 3375 2516 3438 cognita,
2537 3374 2697 3495 ignot-
2747 3381 2776 3425 i·

2476 3458 2658 3495 rarun
2684 3483 2695 3495 .
