2976 4264
475 346 543 397 54
974 340 1584 394 ASTRONOMIAE
1610 339 2176 391 INSTAURATAE

476 487 613 549 Qua
634 488 810 537 etiam
830 483 1130 534 occasione
1152 482 1302 534 adeo
1324 480 1625 533 difformes
1646 480 2091 532 Declinationes
2110 483 2173 532 in
2192 481 2474 546 superiori
2501 488 2676 547 atque

473 556 734 608 inferiori
760 554 961 619 pofitu,
989 553 1269 605 eliciebat.
1299 552 1412 604 Sed
1439 552 1511 603 de
1538 551 1651 603 hac
1670 551 1797 603 Poli
1819 551 2169 604 sublimitate
2195 552 2391 616 postea
2415 553 2678 617 sequenti

476 628 682 691 Capite
703 625 950 689 plenius,

546 695 715 749 Recte
737 710 973 760 quoque
995 694 1250 747 affirmat
1270 696 1332 745 in
1351 693 1466 745 suis
1492 693 1672 745 literis
1692 693 2000 754 PeuceruS‚
2028 696 2179 746 inter
2197 709 2407 746 verum
2427 694 2479 746 8(
2499 710 2677 760 appa-

473 774 698 820 rentem
723 767 922 818 locum
948 765 1181 817 nullum
1208 766 1310 816 esse
1337 767 1651 816 inuentum
1677 764 2000 826 discrimen,
2029 765 2082 817 8(
2108 764 2183 817 ob
2205 765 2265 817 id
2286 767 2464 817 etiam
2483 765 2678 818 Paral-
2728 782 2756 817 5v

472 833 635 891 laxin
655 837 883 889 nullam
904 838 1006 888 esse
1027 842 1335 900 repertam,
1362 835 1518 887 vnde
1543 838 1727 887 miror
1748 851 1851 888 cur
1871 836 2022 888 dicat
2042 836 2241 888 locum
2262 839 2389 888 eius
2408 836 2597 888 visum
2616 839 2680 889 in

472 916 615 975 part.
637 910 670 960 6
697 910 752 969 8
785 907 1049 968 incidisse‚
1081 923 1217 959 cum
1244 922 1316 958 ex
1341 906 1720 959 Parallaxeos
1745 909 2116 959 immunitate
2144 908 2454 959 necessario
2480 907 2678 972 seque-

472 987 645 1040 retur,
673 979 871 1031 locum
890 978 1079 1030 visum
1100 978 1152 1030 8(
1171 994 1380 1030 verum
1408 978 1665 1030 eundem
1690 978 1863 1030 fuisse.
1893 978 2057 1041 Quin
2077 978 2130 1029 8(
2149 981 2198 1030 is
2218 978 2438 1030 sextam
2465 979 2680 1043 gradus

471 1057 697 1116 partem
722 1066 830 1115 pro
859 1052 985 1101 eius
1006 1049 1397 1114 Longitudine
1425 1052 1601 1101 nimis
1626 1049 1747 1101 lato
1773 1049 1953 1101 modo
1981 1052 2204 1114 accipit,
2233 1065 2369 1101 cum
2388 1052 2583 1114 potius
2603 1051 2679 1103 ad

471 1122 652 1174 finem
671 1121 895 1185 septimi
915 1120 1129 1186 gradus
1147 1120 1455 1172 referenda
1468 1120 1632 1181 foret,
1653 1126 1850 1185 vtpote
1865 1123 1902 1172 a
1916 1120 2307 1185 completione
2321 1120 2539 1185 septem
2551 1136 2677 1186 gra·
2731 1137 2774 1172 10

472 1194 672 1254 duum,
693 1192 790 1244 sex
809 1192 1011 1244 saltem
1029 1191 1313 1256 scrupulis
1334 1191 1628 1244 deficiens,
1652 1191 1887 1244 Caetera
1900 1207 2035 1256 quae
2051 1192 2123 1244 de
2138 1191 2550 1245 Immobilitate
2570 1191 2678 1244 hu-

471 1268 579 1325 iuS,
601 1265 869 1315 Luminis
889 1266 1140 1327 puritate
1156 1262 1208 1314 8(
1221 1262 1543 1327 splendore,
1560 1263 1924 1325 Radiatione‚
1941 1262 2366 1316 Scintillatione
2381 1263 2434 1315 8(
2447 1264 2679 1329 Magni-

473 1336 675 1388 tudine
701 1337 765 1385 in
789 1334 991 1399 ijsdem
1016 1334 1197 1386 literis
1223 1334 1444 1386 addidit
1464 1334 1773 1396 PeuceruS,
1796 1330 1816 1402 ΙΙ
1837 1337 2084 1386 omnino
2105 1333 2255 1387 redte
2281 1334 2336 1386 se
2363 1333 2599 1396 habent,
2628 1334 2680 1386 8(
2711 1342 2800 1385 540

474 1407 676 1459 nostris
696 1405 1306 1458 animaduersionibus
1325 1408 1591 1470 apprime
1611 1406 1742 1458 sunt
1761 1406 2031 1471 analoga.
2053 1405 2167 1458 Sed
2188 1406 2348 1470 quod
2366 1405 2680 1458 Cometam

473 1478 628 1530 fuisse
649 1478 878 1537 iudicet,
905 1477 1037 1529 licet
1057 1477 1115 1529 id
1136 1492 1260 1529 non
1280 1483 1436 1529 certo
1457 1476 1726 1538 affirmet,
1755 1493 1827 1529 ex
1851 1493 1970 1542 quo
1992 1477 2063 1530 de
2083 1477 2410 1530 Altitudine
2431 1479 2558 1529 eius
2578 1477 2677 1530 ad·
2731 1492 2778 1527 1⁵>

473 1549 589 1601 huc
616 1548 1054 1613 aliquantulum
1079 1547 1371 1610 haefitarit,
1398 1548 1628 1600 videtur
1654 1549 1751 1601 hic
1774 1551 1837 1600 in
1856 1551 2105 1614 gratiam
2125 1547 2425 1601 Doctrinae
2446 1548 2677 1613 Peripa-

472 1623 676 1680 teticae,
698 1636 818 1684 qua
836 1618 1140 1672 instrutstus
1162 1619 1214 1671 8(
1235 1619 1516 1672 educatus
1538 1626 1677 1681 erat,
1698 1622 1951 1685 proprijs
1969 1619 2493 1672 obseruationibus
2514 1620 2678 1672 dero-

472 1708 625 1757 gare,
647 1691 752 1743 nifi
773 1697 975 1743 contra
996 1707 1205 1743 eorum
1223 1693 1616 1756 pronunciata
1631 1691 1910 1744 Cometas
1924 1694 1987 1743 in
2002 1690 2177 1744 Coelo
2197 1693 2481 1756 generari,
2501 1691 2679 1757 idque

472 1770 635 1815 tanta
645 1763 818 1827 supra
829 1763 1063 1814 Lunam
1074 1762 1418 1823 Altitudine,
1430 1768 1490 1814 vt
1500 1763 1839 1815 Parallaxin
1852 1762 2238 1815 insensibilem
2253 1762 2526 1824 efficiant,
2542 1778 2678 1814 con-

473 1834 677 1886 cedere
698 1834 852 1895 velit,
874 1834 1033 1899 quod
1053 1834 1185 1886 licet
1204 1850 1308 1899 per
1327 1834 1382 1886 se
1402 1850 1527 1886 non
1547 1834 1697 1887 adeo
1719 1834 2035 1887 absurdum
2054 1833 2133 1895 fit,
2160 1840 2337 1899 atque
2359 1836 2679 1899 opinantur
2727 1848 2774 1883 20

473 1905 834 1967 Aristotelici‚
861 1921 1004 1958 nam
1029 1921 1140 1957 nos
1162 1905 1442 1958 Cometas
1467 1921 1678 1958 reuera
1697 1909 1761 1957 in
1781 1905 1956 1958 Coelo
1976 1908 2289 1970 procreari,
2317 1905 2369 1957 8(
2396 1905 2681 1970 quosdam

475 1993 699 2038 eorum,
719 1976 1057 2029 Parallaxes
1077 1979 1176 2028 vix
1195 1977 1598 2042 perceptibiles
1619 1976 1913 2038 exhibere,
1941 1977 2143 2029 crebra
2165 1976 2217 2028 8(
2236 1976 2426 2029 subtili
2445 1976 2679 2041 inquisi-

473 2051 632 2100 tione
648 2048 1107 2113 explorauimuS,
1124 2048 1630 2113 quemadmodum
1640 2047 1844 2100 Tomis
1858 2048 2231 2113 sequentibus
2244 2047 2569 2100 indubitate
2584 2048 2679 2100 de-

473 2120 900 2181 monstrabitur,
926 2126 1127 2171 tamen
1153 2135 1228 2171 ne
1254 2119 1327 2171 fic
1354 2120 1594 2184 quidem
1618 2120 1797 2172 Stella
1822 2119 1951 2172 haec
1977 2119 2091 2171 illis
2118 2119 2479 2172 assimilanda
2503 2122 2679 2180 venit,

474 2207 610 2243 cum
629 2190 779 2243 nihil
798 2190 980 2243 ferme
1002 2190 1272 2243 habuerit
1293 2206 1429 2243 cum
1448 2190 1541 2242 his
1556 2207 1888 2253 commune,
1909 2197 2306 2256 praeterquam
2320 2191 2480 2255 quod
2493 2190 2679 2243 subito
2729 2205 2776 2240 2⁵

475 2269 694 2324 exorta,
711 2262 762 2313 8(
777 2278 814 2315 3
826 2264 1114 2327 principio
1128 2278 1345 2327 magna
1359 2262 1620 2323 existenS,
1640 2262 1941 2315 successiue
1956 2262 2295 2322 decreuerit,
2317 2262 2504 2314 donec
2517 2277 2678 2327 pror-

473 2333 567 2385 sus
579 2333 935 2398 disparuerit.
949 2333 1197 2398 Reliqua
1208 2336 1412 2386 omnia
1421 2336 1576 2385 veris
1585 2334 1775 2386 Stellis
1787 2333 2214 2399 aequiparanda
2224 2333 2678 2398 repraesentauit,

476 2405 979 2469 quemadmodum
999 2421 1108 2457 nos
1130 2405 1200 2457 de
1221 2404 1314 2457 his
1332 2404 1508 2457 latius
1525 2404 1667 2457 alibi
1684 2408 1924 2471 egimuS.
1946 2406 2017 2457 Et
2031 2405 2344 2458 Cometam
2361 2407 2679 2470 improprie

476 2475 761 2541 appellari
781 2475 936 2528 hanc
957 2475 1196 2528 Stellam
1217 2476 1624 2529 iudicabimus

547 2548 640 2600 Sic
661 2563 899 2612 quoque
914 2549 1170 2612 optimus
1184 2547 1281 2599 ille
1296 2548 1650 2600 Hainzelius
1663 2547 1795 2600 licet
1808 2564 1913 2613 per
1927 2547 2336 2611 Quadrantem
2349 2549 2680 2600 maximum
2728 2561 2775 2596 30

476 2618 790 2671 Stellarum
803 2618 1159 2671 Altitudines
1176 2618 1505 2684 scrupulose
1519 2622 1850 2681 rimantem,
1873 2619 2045 2672 Sidus
2064 2618 2178 2671 hoc
2198 2618 2428 2671 nullam
2447 2618 2681 2683 prorsus

475 2690 742 2742 asciscere
763 2690 1116 2751 Parallaxin,
1143 2690 1275 2742 satis
1301 2691 1541 2743 indubie
1563 2697 1929 2756 compertum
1948 2690 2205 2752 haberet,
2228 2689 2281 2742 8(
2301 2690 2375 2743 ob
2396 2690 2455 2742 id
2475 2690 2681 2755 procul

476 2760 654 2813 dubio
668 2761 847 2822 sciret,
868 2761 1014 2813 illud
1027 2777 1411 2826 nequaquam
1425 2761 1579 2814 infra
1594 2763 1843 2823 Lunam,
1859 2765 1981 2814 imo
1995 2763 2306 2814 necessario
2320 2761 2493 2826 longe
2507 2761 2681 2826 supra

475 2832 674 2885 Solem
693 2832 1142 2893 remouendum,
1163 2839 1423 2885 attamen
1443 2849 1568 2885 non
1588 2834 1878 2886 dubitauit
1896 2835 2233 2894 asseuerare,
2256 2833 2548 2886 Crinitam
2560 2832 2680 2885 fiue

476 2904 789 2956 Cometam
816 2904 936 2965 esse,
965 2903 1016 2955 8(
1042 2906 1192 2956 inter
1219 2919 1319 2956 eas
1346 2920 1495 2969 quas
1514 2905 1817 2957 Pontanus
1844 2905 1896 2956 8(
1921 2904 2019 2971 alij
2049 2904 2422 2956 secundarias
2448 2910 2678 2965 vocant,
2729 2917 2776 2952 3⁵

474 2975 930 3035 numerandum,
950 2974 1269 3039 saltemque
1291 2978 1432 3040 quia
1451 2976 1740 3041 ignescere
1761 2982 2058 3042 appareat,
2078 2982 2139 3027 vt
2155 2975 2397 3028 Stellam
2416 2975 2680 3040 aliquam

475 3047 690 3098 assumi.
717 3046 796 3098 At
822 3062 947 3098 non
974 3046 1312 3111 ignescebat,
1339 3062 1534 3111 neque
1554 3047 1737 3100 vllam
1763 3047 2070 3100 flammam
2095 3062 2219 3112 prae
2244 3046 2300 3099 se
2320 3046 2557 3107 ferebat,
2584 3045 2680 3098 sed

475 3117 648 3168 instar
667 3117 1032 3181 reliquarum
1052 3117 1367 3169 Stellarum
1386 3118 1638 3171 Lumine
1659 3119 1924 3171 radiante
1946 3125 2122 3184 atque
2147 3117 2492 3170 scintillante
2513 3116 2679 3169 efful-

474 3187 659 3253 gebat.
682 3188 975 3252 Quamuis
989 3204 1183 3253 neque
1200 3188 1466 3241 Cometae
1487 3190 1732 3242 ardeant
1752 3197 1855 3242 aut
1872 3190 2181 3255 ignescant,
2202 3195 2262 3241 vt
2275 3188 2416 3241 alibi
2430 3188 2678 3253 disputa-

474 3259 684 3311 bimuS.
718 3260 954 3311 Fatetur
986 3260 1226 3324 quidem
1257 3260 1610 3313 Hainzelius
1643 3261 1927 3326 quosdam
1959 3262 2080 3322 esse,
2114 3263 2216 3325 qui
2248 3259 2491 3312 Stellam
2521 3258 2678 3311 hanc
2727 3273 2774 3308 40

475 3333 630 3382 intra
650 3329 942 3383 Octauam
961 3330 1272 3395 Sphaeram
1291 3338 1468 3396 atque
1489 3332 1724 3384 Lunam
1743 3335 1806 3384 in
1826 3332 2129 3384 Mundum
2141 3331 2491 3383 AEthereum
2510 3346 2676 3395 repo-

475 3407 635 3463 nant,
669 3407 728 3454 at
757 3405 1044 3467 quoniam
1073 3403 1144 3455 de
1175 3405 1302 3455 eius
1331 3402 1596 3456 distantia
1625 3419 1662 3455 a
1689 3403 1872 3456 Terra
1903 3403 2053 3455 nihil
2082 3402 2276 3455 adhuc
2307 3401 2678 3525 explgrzgum

2489 3489 2526 3525 a
2567 3478 2676 3534 eat,
