2976 4264
472 315 563 367 172
979 309 1590 363 ASTRONOMIAE
1615 309 2184 362 INSTAURATAE

472 471 678 508 omnes
706 460 905 506 autem
930 453 1078 505 alias
1105 452 1180 504 ab
1205 454 1276 517 iJ's
1304 451 1708 515 discrepantes,
1737 451 1943 515 quales
1972 451 2025 503 8(
2050 451 2147 504 hae
2174 452 2573 519 Diggeseanae,
2605 455 2680 507 ad

474 525 738 579 exactam
764 539 1038 576 normam
1063 523 1593 588 probationemque
1616 522 2057 575 Geometricam
2082 539 2206 576 non
2231 524 2536 588 persistere.
2565 526 2680 578 His

471 602 668 661 itaque
689 599 751 647 in
771 596 931 647 hunc
950 594 1198 646 modum
1217 593 1567 645 sufficienter
1582 596 1933 646 examinatis
1949 594 2001 646 8(
2015 595 2338 657 declaratiS‚
2360 596 2436 648 ad
2455 612 2526 649 ea
2544 613 2680 662 quae

472 668 837 719 Praefationis
868 669 931 717 in
962 665 1151 730 ipsum
1183 664 1475 717 Libellum
1505 664 1675 717 titulo
1707 681 1850 717 mox
1880 665 2172 732 subiungit
2205 666 2537 733 DiggeseuS,
2571 684 2682 721 nos

474 738 859 791 conferemuS.

543 811 611 861 In
630 808 982 861 Praefatione
1003 806 1373 873 postmodum
1393 806 1468 859 ad
1487 807 1880 860 Astronomiae
1902 807 1954 860 8(
1975 808 2233 861 Caelestis
2254 809 2493 874 Sophiae
2515 810 2682 863 Scru-

471 887 686 932 tatores
707 880 779 932 ab
800 882 967 931 initio
987 895 1095 944 pro
1110 880 1269 930 Artis
1291 879 1805 931 commendatione
1825 880 2120 932 nonnulla
2139 881 2464 933 admodum
2483 881 2616 934 scite
2631 882 2684 934 8(

2731 758 2753 793 5

471 968 608 1004 vere
629 951 903 1003 inculcat:
926 946 946 1019 ΙΙ
967 950 1284 1015 Posteaque
1306 950 1378 1002 de
1398 949 1816 1016 hypothefibus
1830 958 2097 1004 veterum
2113 951 2165 1003 8(
2180 952 2560 1017 Coperniceis
2579 953 2682 1006 dis·
2714 964 2802 1008 658

472 1029 651 1088 putat,
674 1038 929 1087 quaeque
949 1022 1030 1074 ibi
1050 1024 1307 1086 antiquis
1327 1021 1442 1073 illis
1463 1021 1675 1087 obijcit‚
1703 1038 1827 1074 non
1848 1025 1991 1074 citra
2010 1039 2137 1075 rem
2155 1023 2395 1088 profert;
2423 1030 2685 1077 attamen

473 1095 936 1178 anCopernicea
950 1093 1024 1146 ob
1038 1094 1098 1145 id
1111 1093 1428 1158 speculatio
1448 1092 1541 1145 his
1561 1094 1897 1158 repudiatis,
1918 1094 2309 1147 substituenda
2326 1094 2405 1157 fit,
2427 1096 2683 1148 necdum

474 1173 955 1301 eulchieffiltiilitione
966 1251 1108 1288 vero
1123 1235 1220 1288 hic
1233 1238 1468 1301 proprie
1484 1235 1728 1301 dignum
1743 1236 1833 1298 est,
1845 1237 1905 1289 id
1920 1237 2079 1302 quod
2094 1237 2165 1290 de
2180 1237 2363 1290 Noua
2376 1237 2489 1290 hac
2504 1237 2683 1292 Stella

474 1312 569 1369 ait,
584 1324 687 1373 per
703 1324 851 1369 eam,
866 1307 1047 1359 modo
1062 1306 1412 1372 aliquandiu
1427 1308 1686 1369 durasset,
1702 1308 1945 1360 discerni
1958 1310 2212 1374 potuisse,
2228 1325 2308 1362 an
2320 1309 2505 1362 Terra
2518 1312 2683 1363 iuxta

475 1381 789 1444 Copernici
808 1379 1023 1445 placita
1042 1386 1371 1440 moueatur,
1392 1395 1502 1431 nec
1521 1395 1614 1432 ne.
1637 1379 1965 1445 Excerpam
1978 1383 2177 1446 itaque
2191 1380 2488 1446 ipfiusmet
2501 1382 2682 1435 verba

473 1451 585 1504 hac
605 1451 677 1503 de
698 1467 759 1503 re
781 1453 1029 1516 agentia,
1053 1451 1266 1516 quibus
1285 1450 1359 1503 fic
1380 1450 1606 1504 effatur.

546 1544 664 1587 Hoc
688 1544 869 1587 saltem
897 1544 1188 1587 admonere
1215 1543 1380 1595 statui,
1410 1543 1594 1587 ansam
1621 1544 1859 1588 oblatam
1879 1543 1995 1596 esse,
2022 1545 2064 1588 81
2091 1545 2427 1589 occationem
2447 1545 2684 1590 maxime

475 1607 833 1658 opportunam
859 1603 1183 1658 experiundi,
1212 1616 1281 1646 an
1299 1603 1476 1647 Terrae
1504 1604 1682 1647 Motus
1707 1603 1760 1647 in
1787 1604 2061 1659 Copernici
2080 1604 2350 1649 Theoriois
2378 1605 2682 1660 suppositus,

477 1664 584 1707 sola
612 1663 786 1707 caussa
814 1664 918 1715 fiet,
947 1674 1044 1706 cur
1068 1663 1188 1707 haec
1210 1663 1369 1707 Stella
1390 1663 1750 1718 magnitudine
1772 1667 2061 1718 apparente
2082 1664 2365 1708 minuatur.
2396 1664 2535 1708 Nam
2555 1665 2591 1708 s1
2610 1665 2685 1708 ita

475 1723 644 1774 fuerit,
668 1723 721 1765 in
736 1721 1075 1777 AEquinod'tio
1095 1734 1262 1766 uerno
1280 1723 1486 1778 semper
1500 1723 1824 1775 decrescens,
1846 1723 2069 1768 minima
2085 1724 2174 1767 sua
2189 1724 2549 1779 magnitudine
2563 1735 2685 1769 con·

477 1782 774 1837 spiceretur.
796 1782 908 1826 Post
927 1794 1057 1825 uero
1073 1783 1108 1825 fi
1123 1782 1393 1826 durauerit
1413 1782 1671 1838 paulatim
1692 1783 1949 1835 crescens,
1970 1783 2023 1827 in
2038 1783 2187 1828 Iunio
2202 1783 2434 1839 sequenti
2452 1783 2685 1828 eiusdem

474 1842 586 1886 fere
607 1842 823 1897 fulgoris
843 1842 955 1894 erit,
979 1842 1438 1897 quemadmodum
1452 1842 1506 1885 in
1519 1842 1693 1897 prima
1709 1843 1800 1886 sua
1812 1843 2171 1898 Apparitione.
2193 1843 2261 1887 A‘t
2276 1844 2329 1887 in
2342 1842 2684 1899 AEquinoc’tio

476 1901 783 1944 Autumnali
801 1901 1019 1945 insolitae
1041 1901 1427 1957 magnitudinis,
1454 1913 1553 1946 nec
1573 1913 1681 1945 non
1702 1902 1990 1957 splendoris
2009 1903 2286 1947 uidebitur.
2316 1903 2579 1947 Eiusmodi
2599 1916 2687 1947 au-

476 1964 585 2004 tem
607 1961 961 2015 quantitatum
982 1961 1353 2015 apparentium
1374 1961 1700 2014 diuerfitatis,
1728 1963 1871 2005 nulla
1897 1962 2090 2017 poterit
2112 1962 2215 2006 alia
2236 1962 2473 2018 assignari
2493 1963 2684 2016 caussa,

479 2033 641 2075 quam
660 2020 815 2074 ipsius
831 2033 863 2063 a
876 2020 1039 2064 Terra
1059 2021 1433 2076 elongationes.
1457 2020 1724 2072 Quoniam
1745 2022 1923 2076 augeri
1939 2025 2031 2065 aut
2045 2022 2211 2065 minui
2225 2022 2442 2066 Stellam
2456 2023 2510 2066 in
2524 2023 2683 2075 Caelo,

478 2092 586 2123 non
602 2080 768 2123 solum
778 2079 1004 2135 Physicis
1018 2080 1230 2135 prorsus
1245 2079 1602 2124 fundamentis
1617 2081 1945 2124 contrarium
1961 2082 2102 2126 esset:
2121 2082 2207 2126 sed
2221 2081 2508 2126 manifestis
2523 2082 2686 2126 etiam

478 2139 734 2183 mensuris
753 2139 857 2183 hac
879 2142 992 2183 arte
1013 2139 1275 2192 adhibitis,
1298 2139 1449 2183 aliter
1468 2139 1567 2184 esse
1588 2140 2025 2195 deprehendetur.

551 2236 657 2289 Ista
677 2237 916 2301 quidem
936 2239 999 2289 in
1018 2236 1178 2289 hunc
1198 2237 1445 2290 modum
1464 2237 1704 2303 protulit
1719 2237 2053 2303 DiggeseuS,
2074 2238 2312 2303 sperans
2329 2238 2385 2292 se
2403 2238 2479 2292 ad
2493 2238 2685 2292 Theo-

479 2311 629 2360 ricas
656 2309 1085 2361 examinandas
1106 2308 1159 2360 8(
1177 2324 1383 2361 veram
1402 2308 1621 2361 Mundi
1641 2309 1928 2375 Syntaxin
1955 2310 2433 2372 constituendam,
2461 2310 2687 2376 aliquid

479 2379 617 2431 hinc
630 2379 854 2445 subfidij
873 2380 1267 2433 obtenturum.
1289 2380 1403 2433 Sed
1423 2379 1520 2432 hic
1540 2396 1664 2433 non
1684 2383 1904 2443 omnia,
1926 2397 1998 2433 ea
2017 2380 2545 2447 circumspectione,
2568 2398 2688 2447 qua

480 2452 686 2512 decuit,
727 2451 875 2503 alias
907 2459 1114 2504 acutus
1145 2451 1243 2504 ille
1276 2451 1755 2513 Mathematicus,
1795 2452 2197 2506 considerauit.
2236 2452 2687 2506 Phaenomenon

481 2525 640 2574 enim
662 2522 776 2574 hoc
796 2538 1027 2575 nouum
1046 2539 1171 2575 non
1189 2526 1443 2576 mutauit
1462 2524 1931 2589 magnitudinem
1950 2540 2057 2589 pro
2077 2527 2306 2577 ratione
2327 2526 2572 2577 accessus
2592 2525 2688 2578 vel

480 2595 719 2645 recessus
733 2593 950 2656 Terrae,
973 2595 1194 2647 etiamfi
1214 2595 1584 2660 Copernicea
1602 2598 1989 2657 ratiocinati0,
2011 2598 2106 2648 cui
2125 2595 2422 2661 astipulari
2441 2597 2687 2657 videtur,

481 2667 680 2717 locum
696 2669 910 2718 mereri
926 2667 1101 2731 possit.
1123 2666 1285 2719 Nam
1298 2666 1497 2731 suapte
1511 2673 1726 2723 natura
1738 2667 2039 2720 successiue
2054 2667 2312 2720 decreuit
2326 2668 2514 2720 donec
2527 2683 2688 2733 pror-

480 2736 574 2788 sus
601 2736 850 2801 conspici
877 2737 1052 2803 defijt.
1081 2737 1293 2803 Neque
1319 2739 1379 2790 id
1405 2739 1556 2790 adeo
1586 2738 1841 2791 insolens
1859 2739 2046 2791 videri
2073 2739 2258 2800 debet,
2284 2739 2416 2791 licet
2440 2739 2689 2805 phyficis

481 2807 880 2860 fundamentis
910 2812 1311 2861 contrarietur.
1345 2809 1406 2862 Si
1437 2813 1597 2862 enim
1626 2809 1806 2862 Stella
1834 2810 2037 2875 aliqua
2064 2825 2229 2863 noua
2256 2813 2320 2862 in
2348 2810 2470 2875 ipso
2501 2810 2686 2871 Caelo,

484 2879 641 2943 quod
657 2882 835 2931 etiam
851 2880 949 2932 ille
969 2896 1094 2932 non
1113 2880 1423 2941 inficiatur,
1443 2881 1784 2934 inconsultis
1798 2881 2175 2947 Phyficorum
2193 2882 2434 2947 legibuS,
2454 2882 2690 2947 prodire

483 2953 686 3015 potuit,
707 2967 831 3002 non
850 2954 1069 3003 mirum
1090 2951 1164 3004 est
1185 2968 1319 3004 eam
1334 2968 1572 3017 quoque
1590 2952 1683 3004 his
1696 2951 1987 3018 neglecli&
2009 2955 2397 3017 quantitatem
2411 2953 2688 3006 alterasse:

484 3021 833 3086 prorsusque
853 3023 1093 3075 tandem
1114 3025 1424 3076 euanuisse.
1447 3024 1661 3088 Neque
1682 3027 1858 3085 enim,
1880 3040 2016 3076 cum
2032 3024 2267 3077 Mundo
2282 3026 2502 3077 coaeuis
2515 3024 2575 3076 id
2589 3039 2689 3076 ne-

486 3093 716 3144 cessario
746 3109 1061 3146 commune
1094 3093 1317 3156 habuit,
1350 3102 1410 3147 vt
1437 3102 1722 3160 perpetuo
1751 3098 1815 3147 in
1844 3095 2054 3148 eodem
2084 3111 2327 3160 corpore
2356 3095 2688 3156 subsisteret3

485 3163 768 3227 fiquidem
787 3180 982 3229 neque
1003 3166 1274 3218 cumillis
1293 3165 1694 3231 plasmationis
1714 3167 2007 3232 Principia
2027 3166 2237 3219 eadem
2255 3166 2452 3220 sortita
2472 3166 2563 3219 est.

559 3234 735 3296 Quod
766 3235 807 3286 fi
838 3236 1014 3288 semel
1046 3244 1266 3298 exorta,
1304 3244 1589 3302 perpetuo
1620 3237 1716 3291 vel
1746 3237 1951 3289 saltem
1984 3253 2089 3302 per
2119 3240 2411 3303 integrum
2441 3239 2691 3290 Annum

489 3305 739 3356 eandem
765 3308 1073 3359 retinuisset
1099 3311 1503 3372 quantitatem,
1532 3308 1584 3360 8(
1609 3311 1673 3360 in
1697 3309 2076 3361 Planetarum
2102 3308 2361 3374 Sphaeris
2388 3308 2692 3361 constituta

487 3374 682 3437 fuisset‚
706 3376 900 3441 (prout
918 3378 1111 3430 Autor
1130 3378 1226 3431 hic
1247 3379 1572 3432 existimare
1591 3380 1837 3441 videtur,
1861 3379 2198 3432 Parallaxin
2216 3379 2302 3432 illi
2321 3380 2517 3445 postea
2536 3381 2690 3503 attcrli·

2451 3451 2610 3503 buen
2652 3465 2689 3503 o

2735 1115 2778 1150 10

2733 1793 2780 1829 20

2734 2091 2780 2127 25

2737 2828 2784 2864 35

2739 3183 2786 3219 40
