2976 4264
548 454 1004 546 INDEX
1045 451 1521 542 RERVM
1568 451 1720 542 IN
1770 451 2088 544 HOC
2133 452 2575 544 OPERE
2712 496 2740 540 ψ

1167 575 1947 637 MEMORABILIVM.

455 732 778 770 Academiarum
800 732 851 768 de
872 731 993 767 Coelo
1014 730 1239 767 inveterata
1260 729 1405 775 opinio
1452 730 1522 765 397

456 781 500 816 in
519 779 769 817 Academias
1452 778 1522 812 715

455 828 641 864 Achilles
662 827 855 863 Gassarus
1453 825 1524 860 706

455 876 644 911 Adamus
1453 873 1523 907 309

455 922 607 959 Adami
626 921 760 957 Vrsini
781 921 833 957 de
854 931 964 957 nova
984 919 1097 956 stella
1453 920 1519 955 781

456 968 637 1016 AEgyptij
1366 968 1427 1003 39.
1477 968 1524 1002 38

456 1018 661 1063 AEgyptus
682 1027 737 1052 an
757 1013 1021 1052 refraffiiones
1042 1014 1185 1051 sentiat
1458 1015 1524 1049 144

456 1066 646 1110 AEquans
665 1066 853 1100 veterum
873 1060 1047 1107 rejectus
1454 1063 1525 1098 477

457 1109 721 1158 AEquinodiia
741 1111 953 1147 observata
1483 1111 1525 1145 13

457 1157 818 1205 AEquinoffiorum
840 1156 1064 1203 inaequalis
1084 1158 1316 1203 progressus
1479 1158 1525 1193 38

457 1204 818 1252 AEquinoctiorum
851 1204 1049 1250 processio
1083 1204 1334 1241 Ptolemaica
1371 1205 1428 1240 4l.

505 1254 798 1299 Copernicana
835 1254 916 1288 220.
967 1252 1097 1288 huius
1135 1251 1334 1297 temporis
1372 1254 1428 1287 42.

506 1301 719 1337 anomalia
739 1298 915 1345 suspe&a
1455 1301 1525 1336 254

458 1347 771 1395 AEquinoctium
793 1347 1007 1384 Ptolomaei
1479 1348 1526 1382 40

458 1397 575 1432 Acris
597 1399 755 1441 quanta
775 1395 975 1431 diameter
1455 1395 1526 1431 737

457 1444 575 1480 Ae’ris
596 1445 630 1479 ἃ
650 1443 815 1479 aetheris
837 1453 1011 1487 corpora
1031 1442 1188 1478 diversa
1208 1443 1265 1478 91.
1287 1442 1330 1478 in
1344 1442 1429 1487 pel-

505 1491 718 1528 luciditate
739 1490 950 1526 diverfitas
1478 1491 1521 1525 91

458 1539 576 1575 Aeris
591 1540 625 1574 &
639 1549 843 1583 vaporum
858 1538 902 1573 in
917 1537 1200 1583 pelluciditate
1216 1537 1426 1573 diversitas
1480 1539 1522 1573 91

459 1588 531 1622 AEs
551 1586 702 1622 Veneri
723 1586 907 1622 dicatum
1461 1586 1526 1621 153

459 1633 675 1679 AEthiopes
697 1645 781 1679 quo
803 1634 919 1679 ligno
933 1643 1052 1678 reges
1066 1633 1161 1668 suos
1177 1631 1431 1678 inaugurare

506 1681 610 1717 soliti
1456 1681 1527 1716 309

459 1729 704 1774 AEthiopum
737 1727 969 1774 nigredinis
1003 1727 1125 1764 causa
1156 1728 1237 1763 309.
1270 1728 1351 1763 717.
1387 1727 1431 1763 in

507 1776 765 1812 observando
798 1775 1074 1812 commoditas
1107 1776 1188 1810 308.
1221 1775 1272 1811 de
1301 1774 1430 1810 AEthi-

508 1835 637 1869 opum
658 1823 819 1868 origine
839 1823 983 1858 fabula
1458 1823 1528 1859 716

460 1870 736 1916 Albategnius
762 1872 819 1906 32.
847 1872 904 1906 38.
935 1871 1012 1906 138.
1038 1871 1119 1906 253.
1149 1869 1241 1905 eius
1262 1870 1433 1906 censura

508 1920 589 1954 469.
605 1918 775 1955 censura
787 1918 838 1954 de
853 1917 1091 1953 invariabili
1105 1918 1281 1953 fixarum
1296 1917 1432 1953 latitu-

509 1966 608 2002 dine
629 1967 709 2001 246.
731 1966 782 2001 de
802 1965 1168 2010 magnitudinibus
1188 1965 1396 2000 stellarum
1458 1966 1528 2001 467

461 2013 720 2049 Albumasser
751 2013 947 2048 Cometas
981 2012 1025 2047 in
1058 2013 1179 2048 Coelo
1211 2013 1320 2049 locat
1351 2013 1432 2048 590.

510 2061 602 2096 eius
622 2072 670 2096 ex
689 2061 885 2096 Cardano
904 2060 1024 2096 locus
1456 2061 1526 2095 783

462 2108 694 2144 Alexander
716 2106 1056 2144 Picolhomineus
1077 2107 1128 2143 de
1148 2106 1241 2142 fixis
1457 2108 1527 2144 747

462 2155 724 2191 Alexandriae
752 2154 1030 2200 longitudinis
1057 2166 1154 2191 cum
1184 2155 1431 2190 Huennenfi

510 2202 764 2248 comparatio
1207 2218 1215 2227 ν
1481 2203 1528 2238 40

462 2251 715 2296 Alfraganus
735 2251 816 2286 467.
837 2249 928 2286 eius
950 2249 1121 2286 censura
1457 2251 1528 2286 469

462 2299 650 2334 Alhazen
1481 2299 1523 2333 91

462 2345 726 2391 Alpetragius
747 2345 798 2380 de
819 2344 1044 2390 incognitis
1065 2344 1161 2381 coeli
1182 2344 1365 2380 motibus
1457 2346 1522 2380 601

462 2393 700 2438 Alphonsus
1462 2394 1528 2428 139

463 2440 818 2486 Alphonfinarum
851 2440 885 2474 ἃ
917 2438 1272 2484 Copernicearum
1302 2439 1432 2475 stella-

511 2499 604 2523 rum
624 2488 800 2523 fixarum
821 2486 988 2523 collatio
1459 2488 1529 2523 392

463 2534 706 2571 Altitudinis
733 2546 757 2570 a
782 2537 888 2570 terra
914 2533 1181 2570 dimetiendae
1208 2534 1434 2571 difficultas

511 2584 592 2618 396.
613 2582 765 2618 modus
785 2593 857 2627 per
877 2581 1228 2617 semidiametrum
1248 2585 1366 2618 terrae
1459 2583 1530 2618 413

464 2630 653 2666 Andreas
675 2629 873 2665 Nolthius
894 2630 945 2665 de
966 2640 1077 2665 nova
1096 2629 1209 2665 stella
1353 2630 1434 2666 519.
1460 2631 1530 2666 750

464 2678 653 2713 Andreas
675 2676 915 2713 Perlachius
1460 2679 1530 2714 745

464 2725 642 2761 Andreae
664 2724 775 2760 Rosae
796 2724 847 2760 de
868 2735 978 2760 nova
998 2724 1111 2760 stella
1460 2726 1530 2761 783

464 2773 734 2808 Andromeda
1459 2774 1530 2809 308

466 2822 616 2855 Annus
655 2818 855 2865 Syderius
894 2819 1110 2855 autoribus
1150 2819 1434 2855 controversus

514 2878 642 2913 quare
662 2868 719 2902 38.
752 2866 929 2912 aequalis
955 2867 1112 2912 semper
1134 2868 1191 2903 38.
1224 2867 1434 2912 quantitas

514 2916 570 2950 39.
590 2916 647 2950 44.
668 2915 749 2950 hoc
763 2914 913 2950 [aeculo
929 2914 1168 2960 investigata
1182 2915 1238 2950 37.
1261 2925 1334 2951 cur
1348 2926 1435 2950 non

513 2973 585 3007 per
618 2961 918 3007 antiquissimas
951 2961 1257 2998 observationes
1291 2962 1435 2998 consti-

513 3012 650 3044 tuatur
1486 3012 1532 3046 54

467 3060 617 3092 Annus
637 3056 821 3101 tropicus
843 3056 1066 3102 inaequalis
1486 3059 1533 3094 37

468 3104 581 3139 Anni
600 3103 746 3149 tropici
765 3103 979 3139 variabilis
1001 3104 1123 3140 causa
1142 3105 1199 3140 38.
1226 3104 1437 3149 quantitas

516 3152 597 3187 hoc
617 3151 767 3187 saeeulo
785 3151 1024 3196 investigata
1037 3153 1094 3187 45.
1115 3162 1213 3187 vera
1227 3151 1437 3197 quantitas

517 3199 597 3234 hoc
611 3198 747 3234 seculo
762 3200 818 3234 53.
834 3198 1044 3243 quantitas
1059 3200 1113 3235 ad
1128 3198 1287 3244 aliquot
1301 3200 1438 3235 secula

517 3246 730 3291 quomodo
750 3245 1035 3291 investiganda
1487 3248 1533 3283 37

470 3294 690 3328 Annorum
711 3293 992 3329 revolutiones
1467 3296 1533 3330 105

470 3341 690 3375 Annorum
724 3340 996 3376 Nabonassari
1026 3353 1122 3377 cum
1151 3341 1437 3378 Alexandricis

519 3388 553 3423 ἀ
574 3386 800 3432 Calippicis
822 3388 1076 3433 comparatio
1463 3391 1533 3426 253

1594 687 1816 720 Annorum
1838 695 1863 719 a
1883 683 2043 720 Christo
2063 686 2162 720 nato
2182 684 2343 720 summa
2364 684 2504 721 deficit
2593 686 2664 721 297

1594 731 1781 767 Annibal
1808 731 2072 767 Raimundus
2101 732 2153 768 de
2183 743 2293 768 nova
2322 731 2435 768 stella
2461 733 2568 769 resu-

1642 782 1752 815 tatus
2593 780 2665 816 720

1595 826 1812 872 Anonymi
1832 826 1884 863 de
1904 837 2015 863 nova
2035 826 2149 863 stella
2168 826 2361 872 scriptum
2594 828 2665 863 749

1595 874 1904 920 Apocalypseos
1924 874 2045 910 locus
2594 875 2664 911 719

1596 921 1849 967 Apollonius
1871 921 2064 957 Mindius
2594 923 2665 958 753

1596 969 1807 1005 Antonius
1829 970 1962 1014 Berga
2594 970 2665 1006 739

1596 1016 1835 1062 Antverpiae
1855 1016 1942 1062 poli
1963 1016 2138 1052 altitudo
2594 1018 2660 1053 561

1597 1063 1764 1100 Arabiae
1785 1064 1938 1101 caelum
2598 1065 2665 1101 145

1597 1113 1748 1148 Aratus
1764 1111 1955 1147 Coloniae
1975 1111 2146 1148 excusus
2167 1112 2248 1148 776.
2269 1110 2361 1147 eius
2381 1112 2501 1148 locus
2523 1123 2571 1147 ex

1646 1159 1849 1195 Cicerone
2595 1160 2666 1195 310

1599 1206 1856 1243 Aristarchus
2623 1208 2662 1242 11

1597 1255 1828 1300 Argentum
1847 1253 1993 1290 vivum
2600 1255 2666 1290 149

1597 1301 1832 1338 Aristoteles
1844 1301 2161 1347 reprehenditur
2171 1302 2252 1337 321.
2264 1302 2344 1338 627.
2357 1301 2449 1337 eius
2462 1301 2570 1338 Doc-

1645 1349 1754 1385 trina
1774 1361 1829 1385 an
1850 1360 1897 1385 ex
1918 1350 2009 1385 Deo
2030 1350 2110 1385 638.
2132 1348 2262 1394 impia
2277 1347 2475 1385 Doctrina
2489 1349 2570 1384 620.

1646 1396 1774 1433 hodie
1788 1408 1812 1433 a
1827 1396 1970 1432 multis
1985 1396 2029 1432 in
2044 1396 2314 1442 quaestionem
2328 1398 2476 1433 vocata
2489 1397 2570 1432 619.

1647 1445 1699 1480 de
1731 1444 1881 1480 mundi
1913 1444 2139 1480 aeternitate
2169 1443 2368 1480 sententia
2397 1444 2571 1480 refutata

1646 1493 1727 1527 411.
1748 1492 1800 1528 de
1820 1495 1935 1527 motu
1956 1491 2135 1536 supremi
2156 1491 2263 1527 aeris
2277 1491 2476 1527 sententia
2489 1492 2570 1528 406.

1648 1540 1699 1575 de
1724 1539 1796 1575 sua
1823 1539 2126 1585 Meteorologia
2152 1539 2384 1575 admonitio
2409 1540 2490 1575 512.
2520 1539 2572 1575 de

1647 1587 1822 1623 Galaxia
1843 1586 1988 1632 opinio
2008 1586 2325 1632 reprehenditur
2596 1587 2667 1623 796

1599 1634 1786 1670 Armillae
1810 1635 1887 1670 140.
1906 1637 2093 1671 veterum
2107 1632 2295 1680 suspeetae
2315 1635 2395 1670 250.
2416 1635 2570 1680 AEqua-

1646 1682 1763 1718 toriae
2597 1683 2668 1718 250

1599 1730 1802 1766 Arzachel
2620 1730 2668 1766 33

1600 1777 1891 1813 Ascensionem
1923 1774 2074 1813 reciam
2103 1788 2150 1812 ex
2180 1776 2370 1813 distantia
2402 1788 2426 1812 a
2459 1776 2572 1813 stella

1649 1824 1816 1870 cognita
1837 1824 2034 1861 eliciendi
2054 1825 2208 1860 modus
2601 1825 2668 1861 158

1600 1872 1897 1908 Ascensionum
1918 1870 2132 1908 Rectarum
2151 1872 2296 1908 tabula
2620 1872 2668 1908 87

1600 1919 1910 1955 Asterismorum
1930 1919 1974 1954 in
1992 1919 2076 1955 alia
2090 1920 2206 1965 signa
2220 1918 2412 1965 migratio
2427 1930 2482 1955 an
2497 1918 2571 1955 ali-

1649 1967 1753 2012 quid
1772 1967 1991 2012 portendat
2597 1967 2668 2003 719

1600 2014 1830 2060 Astrologia
1849 2012 2030 2059 piaoriae
2053 2016 2317 2059 comparatur
2597 2015 2663 2051 771

1602 2063 1666 2098 De
1686 2061 1915 2107 Astrologia
1936 2061 2107 2106 Leovitij
2131 2061 2336 2098 iudicium
2355 2061 2570 2107 Tychonis
2597 2062 2667 2098 707

1599 2109 1879 2155 Astrologicus
1898 2108 2171 2154 Aphorismus
2600 2111 2662 2145 151

1599 2156 1863 2202 Astrologicae
1882 2154 2172 2201 praedictiones
2193 2156 2386 2193 difficiles
2596 2158 2667 2193 612

1599 2204 1813 2250 Astrologo
1833 2215 1929 2250 quae
1947 2204 2130 2240 tenenda
2596 2205 2667 2240 710

1599 2251 1910 2297 Astrologorum
1929 2251 2208 2297 repraehenfio
2596 2253 2667 2288 648

1599 2299 1862 2335 Astronomia
1881 2310 1955 2336 cur
1974 2299 2207 2335 etiamnum
2228 2297 2465 2344 imperfedla
2625 2301 2667 2335 14

1600 2346 1873 2383 Astronorniae
1892 2346 2016 2391 primi
2034 2347 2213 2383 cultores
2233 2347 2314 2383 717.
2334 2346 2571 2392 Antiquitas

1648 2395 1729 2430 779.
1763 2393 2071 2430 instaurationis
2101 2405 2208 2439 opus
2237 2395 2318 2430 275.
2349 2394 2415 2430 Ad
2440 2393 2571 2430 Astro-

1649 2441 1838 2478 nomiam
1865 2441 2098 2478 adhortatio
2127 2442 2207 2477 295.
2238 2443 2287 2477 In
2311 2441 2573 2478 Astronomia

1650 2492 1856 2535 quantum
1878 2489 2071 2525 differant
2090 2489 2314 2535 speculatio
2334 2490 2370 2525 ἃ
2388 2489 2524 2534 praxis
2598 2490 2669 2525 518

1602 2536 1797 2592 Augustae
1818 2536 1993 2573 altitudo
2014 2536 2102 2573 Poli
2127 2538 2208 2573 361.
2235 2538 2315 2573 362.
2342 2538 2423 2573 363.
2449 2547 2572 2574 enco-

1651 2595 1785 2620 mlum
2598 2585 2669 2621 353

1602 2631 1770 2667 Autoris
1791 2631 1994 2668 excusatio
2603 2633 2669 2668 152

1602 2679 1843 2715 Autoritatis
1864 2682 2023 2725 quanta
2041 2678 2105 2715 vis
2600 2681 2666 2716 541

1602 2726 1752 2763 Avieni
1772 2728 1892 2763 locus
2600 2728 2666 2763 311

1602 2774 1923 2811 Azimuthorum
1944 2785 2041 2811 cum
2060 2776 2246 2820 ternpore
2265 2774 2427 2811 lubrica
2447 2773 2551 2811 ratio
2600 2775 2670 2811 604

2105 2856 2169 2899 Β.

1606 2915 1827 2962 Babylonii
2517 2918 2574 2953 38.
2624 2918 2671 2953 39

1606 2964 1939 3000 Bartholomaeus
1960 2963 2227 3001 Reisacherus
2494 2965 2574 3000 746.
2601 2965 2671 3001 530

1606 3012 1940 3047 Bartholomaeus
1961 3012 2168 3048 Scultetus
2494 3012 2575 3048 671.
2601 3012 2672 3048 699

1606 3058 1763 3104 Belgici
1784 3061 1923 3095 motus
1944 3070 1999 3094 an
2020 3070 2045 3095 a
2065 3070 2175 3095 nova
2195 3059 2322 3095 Stella
2342 3058 2561 3104 significati
2601 3060 2671 3095 565

1607 3108 1725 3142 Bezae
1746 3106 1917 3143 censura
1937 3107 2017 3142 327.
2041 3106 2309 3152 Epigramma
2601 3107 2671 3143 327

1607 3153 1796 3189 Bodinus
1817 3156 1960 3190 contra
1981 3153 2214 3190 Leovitium
2236 3157 2274 3190 et
2294 3153 2576 3199 Copernicum

1653 3202 1734 3237 711.
1756 3201 1848 3237 eius
1868 3201 2132 3247 reprehensio
2602 3202 2667 3238 711

2111 3282 2167 3327 C.

1607 3342 1854 3379 Cabalistica
2602 3343 2672 3379 778

1607 3390 1773 3427 Calculi
1793 3389 2027 3436 Tychonici
2049 3390 2092 3426 in
2114 3391 2210 3427 Sole
2230 3390 2431 3428 certitudo
2606 3390 2672 3426 103

2442 3438 2673 3493 Calculi

2973 2227 2976 2234 .
2964 2195 2965 2198 Α
2967 1942 2976 2142 ‘menn—..awa
2970 1918 2976 1925 .
