2976 4264
203 1117 246 1152 lo

205 1473 247 1508 15

203 2186 249 2221 25

207 2898 253 2933 35

529 316 1054 370 STELLARUM
1080 315 1709 369 INERRANTIUM
1736 314 2255 369 RESTITUTIO
2393 315 2498 368 337

292 461 529 511 retinuit
539 458 793 511 abacum
806 474 843 511 a
854 458 1175 511 Ptolemaeo
1187 461 1366 511 etiam
1379 464 1746 524 usurpatum,
1762 460 1876 510 nisi
1891 458 2050 523 quod
2063 460 2500 522 promotionem

293 545 501 583 earum
519 533 744 583 interea
756 532 940 595 ipsius
955 533 1236 596 opinione
1250 528 1465 583 factam
1478 531 1697 595 ubique
1712 529 1954 595 singulis
1969 530 2270 583 addiderit.
2290 530 2501 582 Postea

293 604 447 654 circa
459 603 709 653 Annum
728 601 977 653 Domini
996 602 1141 663 1250,
1161 604 1431 654 trecentis
1451 604 1820 667 septuaginta
1832 602 2025 653 Annis
2040 600 2114 653 ab
2128 601 2498 667 AlbategniO,

292 672 715 726 Serenissimus
733 672 832 724 ille
854 672 906 724 &
925 673 1370 725 Potentissimus
1384 673 1764 738 Arragonum
1784 678 1839 724 et
1859 672 2073 725 Siciliae
2094 673 2217 724 Rex
2230 672 2498 738 Alphon-

293 759 410 805 suS‚
431 759 469 796 a
489 759 609 808 quo
626 743 1037 796 descendendo
1052 746 1339 809 originem
1352 743 1552 805 trahiS,
1574 744 1898 809 Imperator
1910 744 2358 809 Angustissime‚
2378 759 2498 796 me-

292 814 566 867 morabili
578 814 923 867 liberalitate
937 815 1339 867 Astronomiae
1353 815 1907 880 redintegrationem
1925 830 2265 880 procuranS,
2285 815 2500 867 tabulis

293 902 330 939 a
340 901 403 938 se
414 886 809 938 denominatis
820 885 1228 950 AlphonsiniS,
1242 889 1306 938 in
1320 902 1576 951 quarum
1590 884 2018 938 confec'tionem
2031 893 2238 951 quater
2252 893 2500 939 centena

294 957 666 1009 Ducatorum
675 956 864 1009 millia
873 956 1153 1009 munifice
1165 972 1436 1022 erogasse
1447 957 1816 1022 praedicatur,
1827 960 2005 1010 etiam
2011 957 2349 1010 Affixarum
2357 957 2498 1010 Stel-

293 1028 489 1081 larum
509 1027 881 1081 Canonicam
902 1030 1331 1093 expositionem
1351 1028 1425 1081 ab
1446 1027 1797 1094 Hipparcho
1816 1028 2174 1090 inchoatam,
2201 1035 2377 1094 atque
2397 1044 2501 1094 per

293 1098 681 1152 Ptolemaeum
702 1098 755 1151 &
773 1098 1194 1165 Albategnium
1213 1115 1285 1152 eo
1305 1115 1494 1165 usque
1515 1099 1845 1152 deriuatam
1863 1102 2116 1161 retinuit,
2143 1100 2500 1165 apponendo

294 1170 689 1231 solummod0,
717 1176 1008 1235 quantum
1026 1171 1188 1223 Fixae
1207 1177 1347 1223 tunc
1366 1171 1612 1223 ulterius
1636 1187 1959 1237 progressae
1980 1171 2381 1224 credebantur.
2403 1172 2499 1222 Vi-

294 1243 506 1295 dentur
524 1248 725 1294 autem
741 1244 800 1308 ij,
821 1245 924 1307 qui
937 1241 1076 1294 huic
1090 1245 1326 1308 negotio
1339 1242 1719 1307 praefuerunt,
1740 1258 1864 1294 non
1878 1245 2016 1295 satis
2031 1250 2300 1295 accurate
2314 1249 2501 1295 metas

293 1313 426 1366 illas
444 1312 859 1378 praefiniuisse:
880 1313 1051 1366 Vnde
1070 1313 1150 1374 fit,
1171 1320 1236 1366 ut
1256 1316 1427 1379 quasi
1439 1316 1660 1379 integer
1675 1313 1914 1366 Gradus
1928 1330 2087 1366 nunc
2101 1313 2501 1379 utplurimum

295 1384 528 1437 deficiat
552 1387 616 1436 in
641 1384 1130 1450 Longitudinibus
1153 1385 1468 1438 Stellarum
1493 1388 1659 1437 iuxta
1677 1384 2084 1450 Alphonsinas
2110 1388 2368 1438 rationes
2393 1401 2500 1437 nu-

295 1459 554 1508 meratis:
576 1456 940 1508 Latitudines
959 1455 1311 1510 incorrectas
1328 1456 1707 1521 reliquerunt,
1730 1472 1830 1509 eas
1845 1459 2092 1509 omnino
2105 1456 2502 1509 immutabiles

296 1542 440 1588 esse,
461 1527 571 1579 sibi
590 1527 806 1580 frustra
823 1527 1253 1592 persuadentes.
1275 1528 1523 1580 Summa
1542 1527 1948 1589 nihilominuS,
1970 1544 2153 1593 quam
2166 1529 2269 1580 diu
2283 1527 2502 1580 coelum

296 1605 351 1651 et
373 1598 567 1651 sidera
587 1598 899 1659 durabunt,
925 1601 1218 1651 memoria
1243 1599 1618 1665 dignissimus
1639 1605 1723 1651 est
1743 1599 1999 1665 Inclytus
2018 1598 2117 1651 ille
2137 1598 2501 1664 Alphonsus,

296 1669 457 1735 quod
482 1676 605 1722 tam
630 1669 946 1722 sublimem
971 1686 1177 1722 curam
1201 1673 1361 1736 regio
1387 1673 1714 1736 patrocinio
1741 1671 2144 1736 dignissimam
2167 1673 2501 1735 susceperit.

297 1741 367 1793 Et
392 1741 716 1794 dolendum
742 1747 827 1793 est
851 1744 1048 1806 ipsum
1074 1742 1434 1794 eiuscemodi
1454 1757 1579 1794 non
1598 1741 1920 1794 obtinuisse
1940 1741 2228 1803 Artifices,
2255 1745 2358 1806 qui
2377 1757 2503 1794 rem

296 1828 539 1865 omnem
558 1813 752 1865 debito
765 1812 946 1865 modo
961 1812 1310 1878 exequendo
1325 1829 1357 1865 e
1371 1813 1705 1866 coelestibus
1720 1813 2224 1865 obseruationibus
2238 1813 2503 1865 coelestes

297 1886 476 1936 etiam
500 1890 696 1936 motus
719 1891 990 1937 accurate
1011 1884 1386 1937 deducerent:
1415 1885 1575 1949 quod
1595 1886 1645 1936 si
1664 1885 1950 1945 euenisset‚
1976 1887 2124 1936 tanti
2143 1884 2363 1936 Herois
2382 1890 2504 1936 tam

298 1957 517 2007 eximia
535 1955 882 2008 liberalitate
901 1958 1100 2008 minus
1120 1955 1291 2009 abusi
1314 1955 1578 2017 fuissent,
1605 1962 1661 2007 et
1685 1971 1966 2007 numeros
1987 1955 2140 2008 coelo
2160 1958 2347 2021 magis
2367 1971 2502 2007 con-

297 2041 474 2092 gruos
486 2029 550 2078 in
562 2028 601 2092 ij
607 2027 773 2079 sdem
785 2029 961 2079 tantis
974 2027 1297 2092 sumptibus
1312 2029 1666 2092 comparatis
1679 2027 1893 2079 tabulis
1906 2042 2067 2078 nunc
2081 2029 2503 2079 inueniremus.

368 2097 639 2150 Tandem
670 2101 961 2163 superiori
989 2114 1126 2151 aeuo
1156 2097 1642 2164 Incomparabilis
1669 2098 1775 2150 Vir
1803 2098 2091 2150 Nicolaus
2121 2098 2503 2163 Coperm'cuS‚

299 2169 644 2222 Canonicus
675 2169 1068 2222 Warmiensis
1106 2172 1271 2223 iuxta
1304 2170 1755 2235 Fruenburgum
1785 2169 2038 2222 Prussiae
2074 2172 2228 2222 circa
2258 2171 2506 2221 Annum

298 2240 547 2292 Domini
571 2240 700 2293 1520
724 2241 777 2293 ἃ
804 2240 1031 2306 aliquot
1056 2248 1193 2294 ante
1219 2257 1289 2294 ac
1314 2248 1445 2307 post
1470 2242 1872 2293 Astronomiae
1901 2240 2383 2293 reformationem
2412 2256 2506 2306 ag-

297 2327 545 2377 gressuS,
574 2314 639 2364 in
664 2311 858 2365 Stellis
886 2319 1087 2365 tamen
1113 2313 1287 2374 Fixis‚
1318 2313 1531 2377 quibus
1559 2315 1867 2377 potissima
1894 2327 2030 2377 pars
2060 2313 2508 2364 Instaurationis

297 2383 477 2435 huius
490 2384 649 2435 Artis
662 2382 960 2446 fundatur,
975 2383 1126 2436 nihil
1139 2384 1397 2436 solidum
1410 2390 1513 2436 aut
1526 2383 1824 2436 sufficiens
1837 2385 2122 2448 praestitit:
2139 2383 2333 2435 Solius
2349 2386 2507 2435 enim

234 2473 255 2491 v
299 2454 489 2519 Spicae
514 2454 770 2520 Virginis
795 2455 1210 2508 Declinatione
1238 2451 1610 2523 obser-fluata,
1638 2454 1691 2506 &
1716 2455 2022 2507 latitudine
2049 2460 2319 2506 ueterum
2348 2454 2507 2518 (quae

300 2526 679 2591 ambiguitate
698 2541 825 2578 non
845 2526 1022 2591 caret)
1043 2533 1364 2591 assumpta,
1385 2526 1726 2578 ulteriorem
1739 2526 2020 2578 Fixarum
2039 2528 2508 2590 progressionem

300 2599 613 2658 constituit,
643 2612 752 2649 nec
780 2603 984 2650 tamen
1013 2613 1100 2658 ea,
1131 2599 1252 2662 qua
1277 2612 1428 2661 opus
1452 2596 1659 2658 fuerat,
1689 2596 2045 2661 praecifione‚
2075 2611 2202 2648 rem
2226 2603 2350 2649 tam
2375 2596 2506 2648 sub-

298 2667 462 2720 tilem
481 2670 722 2733 peregit;
744 2668 815 2720 Et
833 2667 973 2720 hinc
985 2666 1503 2733 AEquinoctiorum
1517 2670 1998 2733 anticipationem
2019 2667 2105 2731 (ut
2124 2670 2173 2719 is
2193 2667 2390 2731 uocat)
2412 2683 2507 2719 ex-

299 2741 494 2799 truxit,
521 2738 789 2804 redigens
813 2739 981 2792 suam
1006 2738 1580 2792 animaduersionem
1606 2739 1682 2791 ad
1707 2741 1962 2804 primam
1986 2738 2153 2791 illam
2178 2738 2421 2791 Stellam
2446 2741 2508 2789 in

301 2825 488 2862 cornu
505 2809 745 2862 Arietis:
767 2813 936 2862 cuius
955 2810 1336 2863 interuallum
1357 2810 1763 2876 Longitudinis
1777 2826 1815 2862 a
1828 2810 2002 2875 Spica
2018 2809 2340 2862 secundum
2359 2810 2508 2873 Hip-

302 2880 695 2946 parchianum
715 2880 768 2932 &
786 2881 1212 2934 Ptolemaicum
1231 2882 1484 2934 abacum
1503 2884 1680 2933 nimis
1700 2880 2063 2933 confidenter
2081 2887 2384 2933 mutuatus
2402 2887 2506 2932 est:

302 2968 439 3004 cum
465 2967 599 3004 eam
624 2952 885 3016 praebeat
907 2952 1224 3005 Graduum
1250 2959 1486 3005 centum
1510 2952 1873 3017 septuaginta
1899 2952 1985 3004 M.
2007 2952 2057 3004 Ο.
2078 2955 2142 3004 in
2162 2952 2337 3005 Coelo
2362 2967 2508 3003 uero

302 3026 417 3075 sint
442 3023 519 3075 ad
545 3025 833 3075 amussim
858 3029 1096 3076 centum
1114 3023 1477 3089 septuaginta
1495 3024 1709 3089 gradus
1730 3023 1816 3076 M.
1838 3023 1923 3084 39,
1950 3026 2031 3075 ita
2056 3030 2120 3075 ut
2144 3023 2304 3075 bessis
2326 3022 2509 3075 ferme

304 3093 543 3147 Gradus
563 3095 723 3158 apud
742 3097 939 3159 ipsum
959 3094 1212 3147 deficiat:
1237 3095 1499 3160 Indeque
1519 3093 1754 3155 factum,
1774 3101 1838 3147 ut
1857 3110 1933 3146 ne
1954 3110 2089 3146 eam
2109 3094 2348 3159 quidem
2368 3093 2509 3146 Stel-

302 3165 440 3226 lam,
462 3180 645 3229 quam
665 3164 942 3218 omnibus
963 3168 1187 3218 caeteris
1206 3165 1715 3219 fundamentalem
1735 3167 1838 3218 esse
1858 3165 2065 3226 uoluit,
2087 3172 2143 3217 et
2163 3181 2236 3217 ex
2253 3181 2373 3230 qua
2387 3181 2509 3217 om-

303 3239 473 3288 nium
486 3235 865 3289 Planetarum
876 3236 1189 3290 Curricula
1200 3243 1488 3303 tanquam
1500 3243 1656 3290 certo
1669 3244 1724 3289 et
1734 3237 1855 3289 fixo
1866 3239 2154 3302 principio
2166 3236 2511 3301 depromere

304 3307 618 3373 satagebat,
651 3322 761 3359 suo
786 3310 1045 3373 genuino
1071 3308 1203 3361 loco
1230 3308 1283 3360 &
1307 3311 1420 3373 ipsi
1440 3308 1615 3362 Coelo
1642 3308 1718 3361 ad
1743 3309 2008 3360 amussim
2034 3308 2513 3373 correspondenti

304 3378 609 3443 adaptarit.
641 3378 804 3430 Idem
833 3381 1012 3431 etiam
1040 3379 1298 3444 reliquas
1327 3395 1536 3432 omnes
1563 3379 1770 3432 Stellas
1799 3379 2206 3431 inemendatas
2235 3381 2511 3444 permisit,

447 3461 493 3495 ⁴³
2099 3449 2512 3502 tantummodo
