2976 4264
511 310 591 361 114
1013 302 1621 357 ASTRONOMIAE
1648 301 2215 354 INSTAURATAE

511 447 948 502 EXEMPLVM
967 444 1427 498 LITERARVM
1445 443 1881 496 ILLVSTRISS.
1899 443 2279 496 PRINCIPIS
2289 443 2712 495 WILHELMI
2744 457 2831 501 599

558 530 867 584 HASSIAE
888 527 1404 587 LANDGRAVII,
1428 526 1759 579 COMITIS
1780 527 1868 578 IN
1890 526 2666 587 CATZENELNBOGEN,

952 610 1206 671 DIETZ,
1227 609 1703 662 ZIGENHAYN
1725 609 1825 661 ET
1844 610 2137 661 NYDDA
2156 609 2273 661 AD

1162 692 1593 745 CASPARVM
1614 693 2059 745 PEVCERVM.

581 787 893 838 Doc'tissime,
917 785 1102 830 dilecte
1122 785 1315 828 fidelis:
1338 785 1661 840 Significauit
1680 785 1833 828 nobis
1855 785 2060 828 amicus
2074 785 2248 828 noster
2262 783 2495 836 dilectus,
2519 785 2715 840 Cogna-
2763 797 2785 831 5

507 852 590 891 tus
618 848 658 890 82
684 847 878 898 Frater,
906 844 1111 889 Elector
1130 844 1394 896 Saxoniae,
1421 844 1474 887 in
1499 844 1592 887 sua
1618 844 1814 887 ditione
1839 857 2108 899 magnam,
2137 845 2358 896 claram,
2386 845 2427 887 82
2452 844 2714 888 insolitam

508 908 725 950 Stellam
754 909 844 949 aut
871 908 1148 948 meteoron
1175 904 1419 958 conspici.
1448 904 1599 946 Vnde
1625 915 1723 947 nos
1750 904 1911 947 etiarn
1933 904 2002 946 ad
2022 904 2278 947 eiusmodi
2298 905 2515 947 Stellam
2535 904 2621 947 hic
2643 907 2715 947 at-

506 966 788 1017 tendimus,
805 966 1138 1018 eandemque
1153 963 1423 1018 diligenter
1437 963 1852 1015 obseruauimus‚
1870 963 2420 1018 deprehendimusque
2429 963 2483 1006 in
2493 965 2535 1006 7.
2548 964 2715 1018 gradu

512 1026 578 1068 10.
596 1025 798 1068 minuto
815 1024 870 1081 {5
885 1036 1010 1067 cum
1026 1023 1325 1066 Latitudine
1340 1022 1743 1077 septentrionali
1757 1022 1829 1066 53.
1841 1023 2102 1078 graduum
2116 1022 2189 1066 40.
2200 1023 2543 1067 minutorum.
2561 1023 2715 1066 Hisce

508 1096 718 1139 quoque
740 1082 858 1127 od’to
880 1083 1080 1135 diebus,
1102 1095 1169 1126 ex
1190 1093 1295 1136 quo
1317 1094 1438 1125 eam
1460 1082 1845 1136 conspeximus,
1867 1093 1974 1125 non
1988 1082 2287 1125 inuenimus
2301 1082 2355 1124 in
2370 1082 2716 1137 Longitudine
2769 1093 2811 1127 lo

508 1147 598 1186 aut
610 1143 909 1186 Latitudine
925 1142 1293 1185 alterationem
1309 1141 1544 1195 aliquam
1560 1141 1828 1185 admisisse.
1847 1141 1979 1184 Cum
1989 1153 2119 1185 uero
2133 1153 2199 1184 ex
2212 1141 2463 1184 sententia
2475 1141 2715 1184 omnium

506 1202 940 1257 Philosophorum
960 1203 1045 1245 uel
1066 1202 1507 1244 Astronomorum
1529 1201 1765 1244 Cometae
1787 1212 2018 1255 corpora
2045 1201 2313 1255 diaphana
2340 1201 2438 1244 esse
2465 1201 2714 1244 debeant:

508 1275 670 1317 quam
697 1262 858 1305 etiam
886 1262 954 1305 ob
983 1261 1200 1304 causam
1226 1273 1293 1304 ex
1319 1259 1527 1303 obiectu
1552 1260 1684 1303 Solis
1711 1260 1891 1303 radios
1919 1261 2038 1304 suos
2063 1260 2359 1315 proijciunt‚
2388 1261 2429 1303 8ι
2454 1263 2717 1315 praeterea

506 1321 809 1365 uelocissimi
829 1324 1006 1364 motus
1027 1321 1340 1375 plerumque
1362 1320 1496 1363 sunt:
1520 1331 1749 1374 quorum
1769 1321 1972 1363 nullum
1986 1320 2039 1362 in
2054 1320 2157 1363 hac
2173 1320 2333 1363 Stella
2349 1323 2591 1374 apparet:
2614 1320 2717 1363 Sed

505 1381 593 1423 illa
612 1381 752 1424 hisce
774 1379 892 1424 octo
915 1380 1099 1423 diebus
1118 1379 1422 1431 immobilis,
1444 1379 1703 1434 miraeque
1723 1379 1885 1422 etiam
1900 1379 2162 1422 Claritatis
2182 1379 2369 1422 existit:
2393 1380 2529 1423 adeo
2549 1382 2608 1422 ut
2625 1379 2716 1422 uix
2769 1390 2810 1424 15

505 1440 595 1483 ulli
608 1440 660 1482 in
675 1441 812 1483 coelo
829 1440 1004 1483 Stellae
1019 1440 1195 1483 cedat:
1219 1440 1517 1482 Clementer
1530 1438 1708 1493 itaque
1721 1439 1964 1493 petimus,
1986 1439 2117 1482 uelis
2131 1439 2283 1482 nobis
2296 1441 2447 1482 tuum
2461 1438 2715 1482 iudicium

504 1511 599 1554 per
617 1500 933 1554 praesentem
953 1499 1196 1542 nuntium
1216 1498 1555 1554 perscribere,
1579 1498 1703 1552 quid
1722 1511 1850 1541 nam
1871 1499 1937 1541 de
1957 1498 2256 1541 huiusmodi
2272 1498 2433 1541 Stella
2453 1498 2716 1541 existimes

504 1560 544 1601 8ι
571 1559 786 1611 iudices,
815 1559 1069 1612 simulque
1097 1559 1369 1613 quomodo
1398 1558 1540 1612 apud
1565 1569 1664 1601 uos
1691 1558 1732 1599 81
1757 1569 1853 1612 per
1876 1557 2211 1612 temetipsum
2238 1557 2519 1601 obseruata
2543 1558 2713 1609 fuerit,

504 1630 628 1661 cum
651 1618 751 1661 suis
772 1618 1108 1673 apparentijs.
1139 1618 1495 1669 Meminimus,
1522 1618 1664 1671 quod
1685 1617 2047 1672 Hieronymus
2068 1617 2424 1661 Fracastorius
2446 1617 2716 1660 somniarit

504 1677 709 1732 aliquas
730 1678 917 1721 Stellas
945 1677 1059 1729 esse,
1088 1689 1209 1731 quae
1237 1678 1286 1720 se
1313 1677 1594 1728 interdum,
1623 1677 1837 1730 quando
1859 1676 2044 1719 mundi
2064 1680 2247 1720 centro
2270 1676 2712 1731 appropinquant,
2764 1686 2810 1721 20

505 1737 902 1791 conspiciendas
929 1737 1220 1791 praebeant,
1248 1737 1535 1791 posteaque
1561 1736 1614 1778 in
1640 1736 1974 1791 elongatione
2002 1736 2068 1779 ab
2097 1737 2288 1780 eodem
2314 1735 2506 1779 iterum
2527 1747 2716 1779 euane-

506 1798 665 1848 scant‚
687 1800 905 1851 propter
925 1796 1252 1839 debilitatem
1272 1796 1426 1839 uisus.
1451 1796 1683 1839 Conatur
1704 1807 1916 1850 quoque
1936 1796 2078 1838 idem
2099 1796 2257 1839 orbes
2272 1795 2312 1837 81
2328 1795 2616 1839 Theoricas
2635 1795 2716 1851 ijs-

504 1857 629 1899 dem
650 1857 896 1908 condere,
926 1856 1172 1910 quamuis
1193 1856 1296 1899 fine
1319 1855 1594 1898 sufficienti
1614 1855 1982 1898 obseruatione
2003 1856 2043 1897 81
2065 1855 2541 1898 Demonstratione.
2571 1855 2716 1910 Legi-

505 1927 624 1958 mus
639 1915 801 1958 etiam
814 1915 867 1958 in
883 1915 1123 1958 Cornelio
1138 1915 1383 1970 Agrippa,
1407 1916 1472 1958 de
1492 1914 1728 1957 uanitate
1743 1915 2109 1966 Scientiarum‚
2133 1926 2249 1969 cap.
2265 1915 2344 1958 30:
2368 1926 2435 1958 ex
2449 1914 2716 1958 Sententia

508 1975 846 2029 quorundam
862 1974 1386 2026 Mathematicorum,
1409 1975 1543 2017 duos
1559 1974 1735 2017 adhuc
1750 1975 1990 2017 Planetas
2004 1975 2142 2017 ultra
2156 1974 2386 2028 reliquos
2402 1974 2599 2028 septem
2614 1974 2716 2018 exi·
2765 1983 2811 2017 25

507 2035 653 2086 stere‚
671 2034 760 2088 qui
771 2046 837 2076 ex
848 2034 1110 2077 diametro
1124 2034 1358 2088 oppositi,
1376 2034 1588 2077 cursum
1601 2033 1751 2075 suum
1763 2036 1950 2076 contra
1963 2035 2227 2088 [ignorum
2240 2034 2425 2077 seriem
2435 2033 2487 2075 in
2500 2037 2715 2076 centum

505 2094 545 2135 81
567 2093 915 2147 quadraginta
937 2096 1164 2147 quatuor
1185 2094 1334 2136 annis
1356 2093 1697 2147 adimpleant,
1726 2093 1813 2147 qui
1841 2093 2002 2136 etiam
2022 2093 2288 2135 interdum
2309 2092 2713 2147 conspiciantur,

504 2164 888 2206 nonnunquam
907 2164 1037 2196 uero
1058 2154 1214 2207 plane
1230 2165 1296 2196 ex
1310 2153 1501 2196 eadem
1519 2152 1693 2204 causa,
1715 2155 1774 2194 ut
1794 2152 2027 2206 superius
2048 2151 2247 2195 dictum
2268 2153 2355 2204 est,
2378 2153 2711 2196 euanescant.

506 2212 682 2263 Quare
704 2213 992 2255 clementer
1012 2212 1271 2266 cupimus,
1293 2212 1423 2255 uelis
1438 2212 1590 2255 nobis
1603 2214 1756 2254 tuum
1771 2211 2040 2263 iudicium,
2063 2223 2189 2255 cum
2204 2212 2269 2255 de
2283 2212 2387 2255 hac
2402 2212 2577 2264 Stella,
2598 2215 2714 2255 tum

506 2271 667 2314 etiam
694 2272 759 2314 de
787 2271 900 2326 alijs
927 2271 1161 2326 allegatis
1188 2271 1522 2326 opinionibus
1544 2283 1640 2326 per
1658 2271 1974 2325 praesentem
1992 2271 2348 2314 Tabellarium
2368 2271 2711 2326 perscribere:
2762 2280 2810 2315 3ο

504 2331 727 2384 Vnaque
741 2330 995 2373 iudicium
1007 2334 1159 2373 tuum
1173 2331 1574 2386 Astrologicum,
1598 2331 1738 2384 quid,
1761 2330 1965 2384 quibus,
1983 2331 2023 2372 8ι
2039 2331 2268 2385 quando,
2290 2331 2410 2374 haec
2426 2331 2584 2374 Stella
2598 2342 2716 2386 por-

503 2391 720 2433 tendere
730 2390 988 2433 uideatur.
1004 2390 1305 2434 Praestiteris
1316 2391 1468 2434 nobis
1479 2390 1583 2433 hac
1595 2389 1648 2432 in
1658 2393 1809 2444 parte
1821 2402 1936 2433 rem
1949 2394 2246 2445 acceptam,
2261 2390 2404 2444 quod
2415 2390 2456 2432 81
2468 2390 2715 2434 clementi

505 2461 629 2504 erga
648 2453 700 2492 te
720 2450 994 2493 uoluntate
1015 2451 1376 2505 agnoscemus.
1400 2450 1600 2492 Datum
1622 2449 1846 2493 Cassellis
1867 2449 1950 2492 die
1975 2450 2042 2492 14.
2065 2450 2320 2493 Decemb.
2342 2450 2496 2493 Anno
2521 2450 2648 2494 1572.

1422 2539 1788 2583 ADIUNCTA.

577 2604 848 2655 Quantum
864 2605 932 2647 ad
946 2604 1207 2647 insolitam
1218 2603 1365 2647 illam
1377 2604 1595 2647 Stellam
1608 2604 1806 2656 attinet,
1823 2604 2010 2647 nostris
2022 2616 2145 2647 eam
2157 2604 2533 2656 Instrumentis,
2550 2604 2712 2657 omni,
2762 2612 2808 2647 35

506 2675 611 2717 qua
642 2663 757 2706 fieri
788 2664 971 2717 potuit,
1007 2663 1270 2718 diligentia
1296 2664 1713 2715 obseruauimus,
1746 2664 2180 2718 altitudinemque
2211 2663 2366 2706 huius
2393 2664 2645 2715 Cometae‚
2677 2664 2712 2706 fi

506 2723 668 2765 modo
696 2723 916 2766 Cometa
943 2723 1197 2766 dicendus
1224 2724 1311 2775 est,
1339 2723 1393 2766 in
1418 2724 1657 2766 maxima
1684 2723 1979 2766 eleuatione
2005 2723 2058 2766 in
2085 2723 2380 2766 Meridiano
2405 2724 2454 2766 P.
2478 2722 2549 2766 79.
2578 2725 2615 2769 l.
2637 2722 2710 2767 30.

504 2782 736 2835 praecise,
765 2782 817 2824 in
844 2782 1082 2825 maxima
1109 2783 1430 2837 depressione
1458 2783 1548 2826 sub
1578 2783 1873 2826 Meridiano
1893 2782 1966 2825 23.
1989 2784 2025 2828 l.
2047 2782 2090 2825 3.
2119 2782 2579 2836 deprehendimus.
2607 2783 2714 2826 Ele-

504 2841 648 2884 uatio
677 2844 857 2884 autem
882 2841 989 2884 Poli
1013 2842 1168 2885 huius
1196 2841 1430 2885 Ciuitatis
1457 2843 1530 2885 est
1554 2842 1626 2885 51.
1648 2844 1685 2888 l.
1713 2841 1780 2885 18.
1808 2842 1961 2885 Vnde
1988 2842 2230 2896 sequitur,
2259 2842 2402 2896 quod
2426 2841 2712 2884 Parallaxis

505 2901 609 2943 siue
631 2901 900 2944 diuersitas
916 2900 1153 2955 aspectus
1166 2901 1323 2944 huius
1338 2902 1591 2953 Cometae,
1613 2913 1721 2944 non
1741 2902 1799 2944 fit
1819 2901 1992 2944 maior
2011 2901 2065 2957 (fi
2086 2902 2250 2944 modo
2269 2904 2420 2944 tanta
2439 2901 2530 2956 est)
2549 2913 2712 2955 quam
2760 2908 2808 2943 40

505 2959 547 3002 3.
572 2960 641 3003 M.
666 2960 706 3001 ἃ
727 2960 968 3002 distantia
989 2960 1100 3003 eius
1121 2973 1153 3003 a
1174 2960 1447 3015 superficie
1471 2964 1631 3004 terrae
1663 2960 1824 3007 1061&-
1843 2960 2259 3003 Semidiametris
2277 2961 2471 3012 Terrae,
2500 2960 2541 3002 ἃ
2569 2961 2711 3014 quod

503 3019 557 3061 in
590 3019 888 3062 summitate
917 3019 1156 3073 Sphaerae
1187 3021 1224 3075 ῼ
1254 3031 1361 3063 non
1389 3021 1522 3074 plus,
1558 3032 1720 3074 quam
1752 3031 1950 3063 nouem
1979 3019 2395 3063 semidiametris
2425 3022 2585 3063 terrae
2619 3019 2709 3062 sub

506 3078 727 3131 Sphaera
748 3084 792 3129 Ε)
814 3079 1173 3122 constituatur.
1197 3080 1271 3121 Ex
1292 3079 1480 3133 quibus
1501 3079 1749 3123 omnibus
1770 3079 1988 3131 constat,
2011 3079 2229 3122 Stellam
2250 3079 2390 3123 hanc
2411 3090 2519 3122 non
2537 3079 2590 3121 in
2604 3079 2711 3122 Ele—

505 3138 732 3179 mentari
756 3137 865 3192 (ubi
889 3138 1089 3192 Phyfici
1115 3139 1363 3181 Cometas
1390 3138 1675 3196 collocant)
1705 3139 1791 3181 sed
1821 3139 1873 3181 in
1902 3139 2010 3192 ipso
2038 3139 2238 3182 aethere
2264 3139 2305 3181 ἃ
2330 3137 2711 3192 incorruptibili

504 3196 730 3250 regione,
759 3207 867 3239 non
891 3198 1077 3250 procul
1105 3197 1194 3240 sub
1216 3197 1439 3252 Sphaera
1465 3204 1509 3248 Θ
1537 3201 1796 3242 exortam.
1827 3198 2105 3241 Cometam
2133 3198 2231 3242 esse
2257 3198 2577 3241 concludere
2602 3208 2711 3240 non
2759 3205 2806 3240 45

505 3255 787 3308 poRumus,
809 3259 1025 3310 propter
1045 3268 1297 3311 magnam
1317 3257 1472 3311 ipsius
1488 3257 1865 3300 Claritudinem
1879 3258 1920 3300 8ι
1952 3255 1960 3315 Ι
1983 3258 2126 3311 quod
2147 3260 2324 3300 motus
2345 3268 2534 3311 expers
2555 3257 2627 3300 fit.
2651 3257 2710 3299 In
2742 3255 2830 3300 600

504 3325 611 3357 uno
633 3315 773 3357 enim
792 3314 987 3368 puncto
1009 3314 1216 3359 octauae
1231 3316 1486 3370 Sphaerae,
1508 3317 1759 3369 nimirum
1779 3316 1821 3359 6.
1838 3318 1874 3362 l.
1894 3318 1921 3358 5
1956 3350 1966 3360 .
1990 3328 2115 3359 cum
2136 3316 2435 3359 Latitudine
2450 3315 2706 3370 Septentr.

504 3373 576 3416 53.
600 3375 636 3418 l.
658 3373 731 3416 36.
755 3372 1009 3417 hactenus
1029 3375 1264 3428 perstitit:
1293 3378 1423 3427 tum,
1453 3377 1595 3429 quod
1622 3377 1694 3418 ita
1715 3375 1946 3418 sublimis
1966 3379 2116 3419 extra
2137 3376 2518 3418 elementarem
2539 3375 2712 3430 Regio-

2570 3452 2710 3488 nem
