2976 4264
492 301 597 353 286
994 295 1604 350 ASTRONOMIAE
1630 293 2198 349 INSTAURATAE

490 442 627 494 sane
655 443 902 492 nimiam
930 439 1108 491 huius
1134 439 1293 490 Artis
1324 438 1515 501 (cuius
1542 437 1598 489 se
1627 437 1698 489 20
1725 439 1900 490 annis
1928 435 2242 489 studiosum
2269 436 2426 488 fuisse
2455 435 2693 501 iadfitat)

491 513 775 564 inscitiam
794 513 997 575 arguit.
1027 509 1199 561 Certe
1219 509 1261 560 fi
1281 508 1546 560 distantia
1571 508 1751 560 huius
1771 507 2159 560 Phaenomeni
2179 523 2217 559 a
2234 507 2435 560 Terrae
2457 508 2694 569 Centro,

490 586 680 635 maior
709 598 832 633 non
860 581 1040 632 fuisset
1069 580 1138 632 30
1168 579 1427 632 eiusdem
1456 579 1670 632 Semid.
1700 582 1763 631 in
1795 579 2066 644 suprema
2098 579 2420 640 altitudine,
2454 579 2695 643 quando

489 656 687 705 vertici
713 655 984 717 proxima
1010 657 1149 712 erat,
1178 650 1516 702 Parallaxin
1541 650 1867 703 infinuasset
1893 651 1979 702 M.
2006 650 2086 702 21:
2114 650 2183 702 In
2208 653 2406 702 citima
2430 666 2572 702 vero
2599 651 2694 703 de-

491 725 745 776 cliuitate
767 724 1019 775 eandem
1038 723 1096 774 P.
1113 723 1149 774 l.
1168 720 1203 787 l.
1219 722 1289 774 46
1309 721 1644 783 reddidisset,
1665 724 1747 774 ita
1765 729 1826 774 vt
1847 721 2164 786 compofita
2182 724 2483 786 Vtriusque
2503 721 2694 774 altitu-

490 797 641 847 dinis
661 795 983 847 Parallaxis
1003 794 1151 845 foret
1171 793 1229 845 P.
1245 794 1295 845 2.
1313 791 1347 859 l.
1364 794 1413 846 7.
1437 793 1638 856 Quam
1656 799 1857 846 tamen
1877 793 2226 846 Buschianae
2242 793 2696 846 Obseruationes

488 867 557 918 20
587 866 788 918 saltem
821 866 1037 917 Minut.
1067 864 1451 929 suppeditant.
1486 864 1547 917 Si
1577 867 1749 930 igitur
1779 871 1903 916 tam
1933 864 2176 917 humilis
2206 865 2310 916 esse
2339 864 2538 917 debuit
2565 864 2696 916 haec

490 937 682 997 Stella,
708 944 882 1001 prout
906 936 1005 988 ille
1031 936 1294 997 intendit,
1322 937 1651 1000 oportuisset
1676 936 1841 997 aliaS‚
1867 942 1990 988 tam
2010 939 2175 988 iuxta
2192 938 2486 996 verticem,
2514 951 2696 1000 quam

489 1009 897 1069 Horizontem‚
919 1007 1254 1060 constituisse
1274 1007 1627 1068 altitudines,
1649 1007 1800 1060 adeo
1819 1014 1880 1059 vt
1899 1006 1997 1060 hic
2016 1008 2075 1059 P.
2097 1007 2170 1059 21.
2193 1007 2279 1059 M.
2301 1008 2363 1059 11.
2386 1006 2509 1059 Illic
2528 1007 2587 1059 P.
2608 1007 2694 1059 79.

490 1081 574 1132 M.
593 1078 628 1145 l.
643 1080 692 1132 2.
715 1080 898 1144 quue
918 1082 981 1131 in
1000 1079 1141 1131 latit.
1162 1078 1277 1131 loci
1296 1079 1355 1131 P.
1371 1080 1444 1131 51.
1463 1076 1498 1145 Ι.
1515 1079 1588 1140 10,
1608 1086 1783 1144 prout
1801 1078 2238 1144 praesupposuit‚
2259 1079 2693 1131 assumerentur.

488 1153 684 1216 Atque
704 1151 817 1203 hoc
837 1151 1017 1203 modo
1034 1150 1489 1203 Obseruationes
1509 1150 1702 1202 deuiae
1724 1166 1860 1202 cum
1879 1150 1986 1203 fitu
2004 1150 2322 1211 sublunari,
2345 1165 2523 1214 quem
2542 1149 2694 1211 facit,

489 1226 664 1275 etiam
680 1226 924 1283 enormi,
939 1225 1269 1287 promptius
1284 1221 1658 1286 quadrarent,
1669 1228 1730 1274 vt
1742 1222 1952 1274 falsum
1965 1221 2108 1274 falso
2120 1227 2480 1287 congrueret,
2493 1236 2694 1286 quem-

489 1294 811 1347 admodum
831 1310 1041 1346 verum
1059 1309 1202 1346 vero
1222 1293 1447 1358 semper
1468 1293 1543 1346 est
1562 1293 1900 1359 analogum.

561 1366 752 1418 Refert
767 1366 1003 1430 insuper
1018 1365 1074 1417 se
1091 1366 1149 1417 12
1166 1365 1445 1417 Decemb.
1464 1366 1629 1417 Anni
1645 1365 1790 1427 1572,
1807 1365 2000 1417 vidisse
2018 1363 2261 1418 Stellam
2279 1364 2436 1416 hanc
2451 1366 2516 1416 in
2531 1379 2694 1416 max-

488 1440 610 1489 ima
628 1437 747 1497 sua,
775 1453 895 1502 qua
913 1452 1178 1501 vnquam
1198 1434 1576 1501 spectabatun
1604 1439 1995 1502 apparitione:
2023 1436 2183 1500 quod
2209 1437 2421 1488 reuera
2447 1436 2551 1487 esse
2571 1451 2696 1488 non

488 1512 690 1573 potuit.
719 1509 880 1561 Nam
900 1511 964 1560 in
984 1508 1317 1560 Nouembri
1336 1507 1530 1560 adhuc
1550 1508 1733 1573 paulo
1753 1511 1945 1560 maior
1964 1507 2270 1568 visebatur,
2296 1514 2357 1559 vt
2377 1522 2450 1559 ex
2471 1507 2696 1572 Capitis

488 1583 634 1646 tertij
657 1580 899 1645 prolatis
919 1580 1117 1645 liquet.
1146 1579 1310 1643 Quin
1331 1580 1383 1632 8(
1401 1579 1734 1632 mirabilem
1752 1579 2024 1641 formam,
2051 1579 2136 1631 illi
2154 1585 2295 1631 tunc
2314 1578 2555 1644 affingit,
2577 1594 2696 1644 qua

490 1652 650 1704 enses
678 1651 730 1703 8(
755 1652 970 1713 radios,
1000 1651 1192 1703 nescio
1222 1667 1388 1716 quOS,
1419 1653 1482 1703 in
1509 1657 1693 1704 certas
1718 1657 1914 1716 partes
1941 1657 2153 1716 praeter
2179 1650 2412 1702 solitum
2437 1649 2694 1711 vibratu,

487 1722 811 1788 spectaculo
845 1723 948 1788 (vti
979 1722 1127 1787 vult)
1159 1722 1481 1775 horrendo:
1515 1722 1698 1787 quue
1728 1722 1803 1775 ob
1831 1725 2054 1774 trinum
2083 1719 2378 1786 aspectum
2406 1726 2443 1781 21
2475 1721 2527 1773 8(
2560 1723 2594 1783 ἕ
2625 1737 2697 1774 ea

489 1794 656 1847 nodte
678 1795 1051 1856 celebratum,
1077 1794 1163 1846 illi
1186 1795 1433 1847 euenisse
1454 1800 1744 1846 autumat:
1771 1794 1885 1847 Vbi
1903 1793 2342 1858 Alphonfinum
2362 1792 2694 1854 Calculum,

489 1882 667 1931 quem
693 1867 941 1932 Leouitij
969 1866 1390 1932 Ephemerides
1417 1865 1710 1926 exhibent,
1736 1868 1914 1918 nimis
1939 1881 2044 1930 per
2068 1865 2124 1917 se
2151 1880 2484 1926 erroneum,
2510 1864 2694 1929 sequi-

487 1945 602 1990 tur:
637 1933 657 2006 ΙΙ
691 1938 849 1990 Cum
877 1941 1043 1991 iuxta
1073 1938 1389 2003 Copernici
1417 1940 1676 1990 veriores
1708 1937 2015 2002 aliquanto
2047 1952 2346 1997 numerOS,
2377 1938 2566 1988 trinus
2596 1935 2695 1988 ille

494 2015 531 2068 ⁹4
555 2010 607 2061 8(
635 2011 668 2071 {J
692 2012 953 2072 intuituS‚
984 2010 1298 2074 quatriduo
1325 2015 1461 2062 ante
1489 2011 1789 2074 contigerit
1816 2008 2116 2073 (quamuis
2141 2008 2448 2072 vtrobique
2469 2024 2506 2060 a
2527 2007 2695 2060 Caelo

487 2081 608 2145 ipso
629 2081 888 2133 deuiatio
910 2083 1193 2133 committi
1213 2080 1430 2146 queat.)
1453 2080 1522 2132 Et
1542 2081 1683 2145 quid
1704 2080 1902 2145 quaeso
1915 2083 2104 2132 trinus
2117 2078 2378 2144 aspeaus
2395 2084 2433 2138 24
2452 2079 2505 2131 8(
2526 2080 2559 2140 {5
2577 2078 2695 2131 huc

487 2151 736 2204 faceret?
757 2152 817 2205 Si
838 2152 1017 2205 Stella
1035 2152 1165 2205 haec
1184 2159 1307 2205 tam
1325 2151 1496 2204 facile
1518 2168 1590 2204 ex
1609 2151 1990 2204 Planetarum
2010 2150 2572 2216 configurationibus
2592 2150 2694 2202 ali-

489 2225 629 2288 quid
657 2227 955 2276 varietatis
983 2224 1235 2285 senfisset‚
1270 2230 1413 2288 quot
1442 2230 1813 2288 quantasque
1841 2229 1963 2275 tota
1990 2222 2094 2275 sua
2121 2222 2449 2284 duratione,
2482 2225 2545 2274 in
2572 2228 2696 2274 tam

487 2295 794 2360 multiplici
828 2297 1154 2348 eorundem
1186 2296 1494 2360 congressu,
1528 2302 1705 2360 atque
1737 2294 1813 2347 ad
1844 2297 2103 2346 inuicem
2134 2294 2480 2355 radiatione,
2512 2299 2694 2345 meta-

488 2366 829 2431 morphoses
860 2366 1137 2419 subiissetP
1171 2367 1373 2430 Quare
1402 2366 1443 2418 fi
1472 2366 1614 2431 quid
1645 2366 1762 2419 tale
1792 2372 1932 2418 tunc
1962 2368 2244 2431 temporis
2272 2368 2425 2417 circa
2453 2364 2696 2417 Stellam

488 2437 643 2490 hanc
664 2439 1025 2500 cernebatur,
1046 2439 1105 2491 id
1126 2455 1199 2491 ex
1215 2437 1527 2490 Phantafia
1540 2437 1694 2489 visus
1713 2453 1818 2502 per
1831 2453 2082 2502 vapores
2097 2437 2150 2489 8(
2164 2436 2509 2501 qualitatem
2521 2437 2695 2488 Aeris

488 2511 814 2575 intermedij
839 2509 1166 2570 eueniebat,
1193 2509 1455 2574 falsoque
1481 2509 1585 2574 ipfi
1604 2509 1800 2561 Stellae
1821 2509 2173 2561 attribuitur:
2203 2523 2339 2573 quae
2363 2523 2515 2572 pura
2536 2507 2588 2559 8(
2607 2510 2692 2559 in-

487 2584 887 2633 contaminata
906 2581 1114 2643 forma,
1135 2588 1436 2646 perpetuo,
1458 2580 1657 2645 quoad
1678 2580 1930 2642 durauit,
1950 2580 2126 2632 instar
2145 2582 2540 2645 genuinarum
2553 2578 2694 2631 Stel-

487 2652 696 2713 larum,
725 2653 949 2704 caelitus
974 2653 1182 2713 illuxit,
1210 2668 1320 2704 nec
1346 2652 1452 2704 nili
1471 2655 1534 2704 in
1555 2652 1751 2704 colore
1773 2651 1825 2703 8(
1843 2652 2265 2717 magnitudinis
2291 2650 2694 2711 decrescentia,

488 2724 673 2775 donec
688 2725 791 2776 esse
807 2724 982 2785 defiit,
997 2727 1390 2776 mutationem
1403 2723 1668 2788 aliquam
1681 2723 1980 2775 sentiebat:
2001 2722 2506 2788 quemadmodum
2520 2728 2696 2774 antea

488 2810 725 2859 quoque
739 2798 998 2860 primum
1012 2798 1138 2848 eius
1152 2795 1459 2860 Scriptum,
1475 2794 1656 2847 simile
1672 2794 1815 2860 quid
1829 2794 2105 2855 astruenS,
2128 2793 2494 2854 excutiend0‚
2514 2792 2695 2845 testati

488 2866 702 2918 sumuS.

560 2937 716 2989 Cum
736 2944 936 2989 autem
950 2938 1146 2990 Stellae
1160 2937 1442 2990 vifibilem
1463 2938 1818 2990 diametrum
1836 2936 2019 3001 paulo
2039 2936 2176 3001 post.
2198 2951 2370 3000 aeque
2389 2934 2614 2995 insulse,
2634 2941 2695 2987 vt

489 3014 715 3069 caetera,
743 3009 1008 3061 demetiri
1028 3009 1374 3074 aggreditur,
1401 3009 1539 3061 facit
1557 3008 1736 3061 huius
1756 3007 1953 3060 semid.
1975 3013 2360 3073 apparentem
2380 3007 2466 3059 M.
2486 3007 2578 3058 44:
2606 3006 2695 3058 Ita

488 3084 547 3129 vt
566 3085 687 3131 tota
706 3080 768 3131 fit
789 3080 863 3132 G.
891 3081 928 3132 1.
952 3081 1037 3132 M.
1058 3080 1149 3132 28:
1176 3081 1374 3144 Atque
1400 3079 1515 3132 hoc
1539 3077 1710 3145 pacto
1736 3079 1910 3144 triplo
1935 3095 2087 3144 pene
2106 3081 2397 3131 maiorem
2415 3077 2538 3142 ipso
2558 3076 2693 3130 Sole

488 3149 687 3210 reddit,
710 3166 1034 3216 omnesque
1049 3152 1198 3203 alios
1217 3151 1508 3212 homineS‚
1530 3154 1633 3215 qui
1648 3166 1783 3203 eam
1794 3153 1895 3202 vix
1908 3150 2155 3202 Veneris
2170 3149 2364 3202 Stellae
2380 3148 2691 3214 aequalem,

489 3235 624 3271 cum
643 3221 738 3271 vel
759 3225 1021 3274 maxima
1048 3224 1190 3283 esset,
1216 3238 1481 3287 vnquam
1502 3222 1926 3287 conspexissent,
1953 3237 2077 3286 prae
2098 3221 2153 3273 se
2175 3223 2545 3273 caecutientes
2565 3219 2691 3271 red-

489 3290 625 3342 dere
645 3292 954 3355 praesumit.
983 3294 1044 3345 Si
1062 3300 1226 3346 tanta
1246 3296 1586 3358 quantitate,
1614 3309 1750 3345 cum
1777 3308 1866 3354 e0,
1894 3308 2014 3357 quo
2039 3293 2286 3358 praedita
2306 3298 2430 3344 erat
2448 3291 2691 3351 lumine,

486 3361 844 3426 splenduisset
869 3363 999 3416 haec
1019 3364 1214 3426 Stella,
1240 3368 1439 3429 vtique
1465 3364 1653 3417 multo
1679 3364 1813 3429 plus
1839 3380 2022 3429 quam
2040 3364 2213 3416 Luna
2239 3363 2441 3428 (etiam
2466 3362 2692 3496 luinin3

2490 3449 2528 3498 p
2554 3448 2668 3485 ena

2745 739 2767 774 5

2749 1095 2791 1130 10

2748 1452 2790 1487 15

2745 1810 2791 1845 20

2727 1945 2813 1989 773

2744 2167 2791 2202 25

2744 2523 2790 2558 30

2743 2880 2789 2915 35

2741 3235 2788 3271 40
