2976 4264
217 662 246 757 ’θυι

204 959 245 993 10

176 1189 263 1232 625

204 1256 247 1290 15

200 2445 246 2480 35

201 3038 247 3072 45

203 3333 250 3369 50

673 275 1553 330 PROGYMNASMATUM
1579 276 1894 329 TERTIA
1919 277 2123 330 PARS
2410 279 2502 331 139

298 416 577 471 qualitates
590 416 705 459 fieri
719 416 1098 471 generationes,
1115 417 1480 472 corruptiones
1495 418 1536 461 δι
1550 417 1904 461 alterationes.
1920 418 2237 462 AEtheream
2250 430 2380 462 uero
2395 430 2502 462 non

298 476 396 520 esse
422 475 539 519 ullis
563 475 944 519 mutationibus
971 475 1278 520 obnoxiam.
1306 477 1367 519 Et
1395 477 1480 529 fic,
1507 480 1565 520 ut
1583 477 1658 529 fit,
1687 477 1816 521 dum
1836 490 1942 521 una
1962 476 2217 521 doctrinae
2236 490 2360 532 pars
2380 479 2501 522 loco

298 537 560 587 mouetur,
578 535 819 590 sequetur
831 535 983 578 ruina
999 536 1304 579 multarum.
1328 535 1497 580 Huius
1511 535 1766 581 doctrinae
1780 548 1938 581 nouae
1954 537 1995 579 ἃ
2010 550 2131 592 quae
2147 537 2362 592 sapienti
2376 537 2504 580 anti-

296 594 481 650 quitati
500 595 711 650 prorsus
726 594 821 638 fuit
834 594 1114 650 incognita,
1137 606 1234 651 ego
1248 595 1302 638 in
1316 595 1420 639 hac
1436 595 1784 640 celeberrima
1797 596 2090 640 Academia
2104 600 2259 641 autor
2272 608 2370 640 nec
2386 597 2500 648 esse‚

295 666 393 698 nec
414 654 679 708 perhiberi
697 655 824 698 uolo
846 655 974 698 sicut
992 666 1091 698 nec
1111 654 1165 697 in
1182 655 1364 698 Politia
1383 655 1644 710 (metuens
1664 667 1873 699 morem
1894 657 1935 699 81
1956 656 2388 700 consuetudinem
2405 657 2502 699 Lo-

295 714 575 770 crenfium)
588 725 788 757 nouam
802 715 973 769 legem
987 725 1176 769 rogare
1189 715 1398 758 uellem.
1415 714 1468 758 Si
1482 715 1757 770 quisquam
1772 715 1913 758 enim
1928 715 2013 767 est,
2031 716 2120 770 qui
2134 719 2274 759 artes
2289 716 2423 759 bene
2435 727 2501 759 ex

295 773 561 829 principijs
570 771 836 816 extructas
844 771 1168 817 labefactare
1176 774 1826 830 nonuelit‚intereos&ego
1835 786 2017 818 meum
2025 775 2499 829 profiteornomen.

366 832 504 885 Quid
531 832 684 888 igitur
710 832 1032 885 faciendum,
1063 833 1099 876 fi
1127 833 1440 888 posteriores
1469 834 1864 878 obseruationes
1894 835 1935 877 ἃ
1965 834 2191 878 aliorum
2221 835 2263 877 81
2291 834 2498 886 nostrae,

295 891 558 948 diligentia
588 895 786 946 quanta
814 891 930 935 fieri
957 892 1123 947 potest
1153 892 1404 945 adhibita,
1435 904 1542 937 non
1570 894 1932 937 emendabunt
1959 894 2178 948 priores,
2211 894 2299 937 sed
2327 893 2501 948 potius

295 951 705 1003 confirmabunt,
732 951 805 994 ita
824 954 883 994 ut
902 951 1105 1007 exigua,
1135 955 1227 995 aut
1244 953 1457 1007 prorsus
1477 954 1621 996 nulla
1640 953 1926 996 Parallaxis
1945 953 1999 996 in
2018 953 2261 1007 praesenti
2280 953 2502 996 Cometa

295 1010 751 1066 deprehendatur?
773 1010 890 1063 Hic,
912 1013 971 1054 ut
987 1011 1284 1055 Geometris
1304 1012 1555 1066 quaedam
1576 1012 1941 1056 conceduntur
1960 1010 2230 1065 ἀιτήματαε
2254 1013 2322 1056 fic
2344 1013 2384 1055 81
2404 1024 2502 1055 nos

296 1083 328 1113 a
342 1069 598 1114 doctrinae
612 1070 953 1114 Aristotelicae
973 1070 1334 1115 defensoribus
1354 1071 1750 1126 postulabimus,
1770 1083 1838 1115 ne
1859 1084 1891 1114 a
1910 1072 2095 1115 nostris
2109 1073 2151 1115 81
2166 1072 2394 1115 aliorum
2415 1072 2503 1115 ob-

295 1130 693 1181 seruationibuS,
710 1141 843 1184 quas
858 1130 1064 1173 summa
1079 1130 1343 1186 diligentia
1355 1131 1523 1174 oculis
1533 1131 1718 1174 nostris
1728 1131 1974 1182 uidImus,
1988 1132 2030 1174 ἃ
2040 1131 2501 1186 deprehendimus,

295 1200 393 1233 nos
419 1189 679 1232 decedere
705 1191 913 1244 cogant.
944 1189 1063 1232 Hoc
1089 1189 1352 1244 inpetrato
1375 1202 1442 1234 ne
1463 1191 1750 1246 Regionum
1770 1191 2085 1242 discrimina,
2114 1203 2234 1245 quae
2255 1188 2275 1259 ΙΙ
2297 1191 2364 1234 ab
2384 1191 2504 1245 ipfis

294 1248 490 1291 tradita
504 1248 634 1299 sunt,
656 1250 978 1300 euertantur,
1001 1248 1407 1301 affirmabimus,
1430 1251 1574 1304 quod
1587 1250 1818 1304 praesens
1833 1250 2053 1293 Cometa
2066 1251 2151 1293 uel
2168 1253 2343 1304 potius
2355 1246 2504 1303 τέρας

295 1319 636 1362 nequaquam
652 1307 1117 1351 adnumerandum
1131 1309 1189 1351 fit
1202 1309 1399 1352 usitatis
1411 1309 1657 1362 Cometis‚
1674 1320 1807 1363 quos
1821 1321 1887 1352 ex
1900 1309 2109 1353 uiscofis
2121 1309 2324 1352 &lentis
2337 1309 2503 1352 haliti-

296 1368 410 1417 bus,
437 1370 589 1410 motu
609 1367 696 1410 seu
717 1367 1017 1422 agitatione,
1041 1368 1127 1411 uel
1147 1367 1310 1411 etiam
1328 1368 1552 1412 infausto
1573 1368 1942 1412 maleficarum
1963 1369 2245 1412 Stellarum
2265 1370 2432 1423 positu
2451 1369 2504 1411 in

295 1428 677 1471 elementarem
696 1426 967 1482 regionem
987 1425 1223 1479 coactos,
1251 1438 1315 1471 ac
1340 1428 1560 1470 tandem
1580 1428 1945 1472 inflammatos
1965 1429 2006 1471 ἃ
2026 1428 2367 1482 consumptos
2388 1428 2502 1480 eBe,

297 1486 565 1530 artificum
585 1486 801 1541 diligens
818 1486 1117 1530 obseruatio
1133 1487 1175 1529 81
1189 1487 1512 1541 experientia
1530 1490 1609 1531 tot
1629 1488 1925 1531 seculorum
1946 1488 2310 1542 deprehendit:
2335 1488 2422 1531 sed
2436 1488 2503 1531 ab

296 1546 394 1589 illis
412 1545 627 1598 usitatis,
649 1549 708 1588 ut
725 1546 1030 1589 inusitatum
1049 1545 1348 1601 prodigium
1368 1546 1721 1601 separandum
1742 1546 1857 1590 esse.

369 1605 503 1649 Haec
529 1605 705 1649 nostra
732 1605 985 1648 sententia
1011 1606 1266 1660 congruit,
1295 1606 1337 1648 ἃ
1363 1617 1488 1649 cum
1516 1604 1664 1649 dictis
1684 1606 1726 1648 ἃ
1745 1606 2002 1661 exemplis
2028 1606 2194 1650 sacrae
2216 1606 2502 1660 scripturae,

296 1676 418 1719 quae
439 1664 713 1708 affirmant
731 1665 772 1708 ἃ
788 1664 1065 1709 testantur:
1088 1665 1262 1708 Deum
1282 1666 1426 1708 nullo
1446 1666 1628 1717 modo,
1648 1668 1707 1708 ut
1725 1665 2027 1709 Stoicorum
2046 1677 2259 1717 numen,
2282 1666 2380 1709 esse
2402 1665 2506 1708 alli-

296 1727 479 1780 gatum
499 1725 569 1767 ad
588 1724 791 1768 caussas
811 1724 1082 1768 secundas.
1105 1725 1203 1768 Etsi
1223 1724 1366 1768 enim
1385 1725 1678 1780 plerunque
1698 1725 1977 1768 conseruat
1997 1725 2238 1768 ordinem
2258 1725 2505 1768 diuinitus

297 1784 364 1827 ab
390 1784 500 1839 ipso
526 1783 836 1827 institutum:
863 1784 1065 1828 Tamen
1085 1785 1126 1827 ἃ
1146 1787 1356 1828 mutare
1375 1784 1556 1839 potest,
1584 1785 1626 1827 ἃ
1652 1783 1938 1839 aliquando
1960 1787 2151 1827 mutat:
2178 1787 2236 1827 ut
2253 1785 2505 1828 testantur

298 1855 453 1887 mora
478 1843 632 1898 supra
653 1843 1019 1896 Horizontem,
1042 1844 1083 1887 ἃ
1103 1839 1375 1897 στηριγμὸς
1395 1843 1530 1888 Solis
1549 1843 1603 1887 in
1621 1844 1805 1888 Praelio
1821 1844 2004 1896 Iosuae,
2026 1843 2277 1899 regressus
2296 1844 2505 1887 umbrae

296 1903 349 1946 in
369 1902 646 1958 horologio
667 1903 918 1946 EZechiae
939 1902 1059 1958 Regi
1078 1903 1356 1955 exhibitus,
1379 1904 1420 1947 ἃ
1441 1904 1544 1947 alia
1563 1903 1984 1947 innumerabilia.
2014 1903 2244 1946 Leuibus
2265 1904 2306 1945 ἃ
2326 1903 2505 1958 prauis

295 1962 513 2018 ingeniis
533 1973 642 2006 non
660 1962 930 2017 praebetur
943 1963 1152 2007 occasio
1167 1963 1439 2007 euertendi
1452 1966 1593 2007 artes
1606 1962 1747 2007 redte
1759 1963 1983 2006 traditas
1997 1963 2038 2004 81
2052 1963 2187 2006 bene
2201 1962 2505 2006 constitutas

297 2023 339 2065 81
367 2021 598 2077 fingendi
627 2021 918 2076 quodlibet:
950 2022 1038 2065 sed
1066 2022 1320 2066 retinetur
1346 2023 1535 2066 usitata
1563 2023 1605 2065 81
1633 2022 1686 2065 in
1716 2022 1906 2066 scholis
1935 2025 2150 2077 recepta
2179 2022 2245 2065 de
2274 2022 2506 2065 Cometis

295 2081 364 2125 do
369 2079 549 2124 (strina.
561 2081 746 2136 Neque
755 2084 939 2126 tamen
948 2093 1206 2137 negamus
1218 2082 1504 2137 aliquando
1513 2082 1689 2126 Deum
1699 2085 1896 2137 praeter
1906 2093 2252 2125 communem
2265 2081 2505 2125 ordinem

295 2141 363 2184 ab
384 2141 493 2195 ipso
514 2140 763 2184 diuinitus
782 2141 1070 2185 institutum
1091 2141 1363 2185 ostendere
1383 2142 1425 2184 ἃ
1443 2141 1498 2184 in
1517 2142 1753 2186 aetherea
1772 2141 1985 2197 regione
2003 2138 2188 2194 τέρατα
2206 2142 2292 2184 uel
2313 2141 2466 2195 signa.

366 2200 449 2243 Ad
473 2200 577 2244 hoc
605 2211 767 2255 genus
792 2201 1132 2244 referendum
1158 2201 1258 2245 esse
1279 2201 1455 2245 iudico
1478 2201 1519 2244 81
1539 2201 1834 2252 Cometam,
1863 2201 2013 2244 cuius
2031 2201 2246 2244 Proclus
2265 2200 2506 2243 meminit

294 2260 349 2302 in
362 2260 784 2316 Commentarijs‚
807 2271 941 2315 quos
954 2261 1008 2303 in
1019 2260 1281 2304 Timaeum
1294 2260 1523 2305 Platonis
1540 2261 1854 2315 conscripsit.
1878 2260 2199 2314 Quanquam
2212 2263 2270 2302 ut
2282 2260 2504 2314 ingenue

296 2319 338 2361 81
352 2322 549 2374 aperte,
572 2319 659 2363 sed
671 2322 855 2363 tamen
868 2319 1094 2363 candide
1108 2320 1303 2372 dicam,
1326 2320 1470 2375 quod
1484 2320 1662 2371 sentio,
1684 2320 1920 2363 desidero
1935 2331 2043 2363 non
2056 2320 2108 2362 in
2122 2320 2322 2371 Proclo,
2346 2330 2503 2373 quem

298 2379 402 2422 scio
422 2378 566 2422 fuisse
585 2379 762 2422 uirum
782 2377 1148 2431 dod’tissimum,
1171 2380 1259 2423 sed
1277 2379 1330 2422 in
1344 2380 1629 2434 Anonymo
1650 2379 1754 2431 illo,
1776 2379 2006 2433 quisquis
2025 2378 2197 2430 fuerit,
2220 2390 2286 2421 ex
2302 2389 2406 2432 quo
2422 2390 2502 2430 ea,

297 2450 419 2492 quae
438 2438 567 2481 citat
584 2439 814 2491 ProcIus,
843 2439 958 2482 sunt
982 2439 1257 2494 descripta,
1285 2439 1477 2482 eadem
1497 2451 1619 2493 quae
1639 2439 1791 2482 multi
1810 2437 1948 2482 dod'ti
1969 2438 2022 2480 in
2041 2437 2294 2481 historicis
2315 2437 2502 2492 prioris

295 2497 468 2541 aetatis
489 2497 530 2539 ἃ
549 2498 842 2552 praesertim
862 2499 1006 2552 apud
1024 2497 1266 2542 indoctos
1287 2498 1602 2542 Monachos.
1624 2498 1769 2541 Sicut
1788 2497 1929 2540 enim
1948 2497 2003 2539 hi
2022 2497 2403 2551 descripserunt
2417 2497 2504 2539 Hi-

297 2556 510 2600 storiam
531 2556 750 2600 alicuius
771 2557 908 2609 belli,
936 2569 1044 2602 non
1063 2557 1383 2612 inquirentes
1404 2558 1678 2612 quodnam
1698 2556 1853 2600 fuerit
1874 2554 2050 2606 ἄιτιον,
2077 2568 2198 2610 quae
2224 2567 2505 2609 προκαταρ-

294 2613 441 2668 κτικὴ
470 2628 592 2670 quae
618 2613 824 2669 ἀφορμὴ
848 2628 969 2671 quae
989 2612 1267 2670 πρόφασιςε
1295 2617 1374 2659 Ita
1399 2616 1484 2660 ille
1503 2617 1818 2670 Anonymus
1838 2615 2081 2659 describit
2102 2615 2378 2659 Cometam
2400 2616 2504 2658 fine

294 2678 617 2730 temporum,
639 2676 900 2727 locorum,
922 2676 1201 2719 hominum
1221 2675 1310 2730 qui
1324 2675 1671 2719 obseruarunt
1685 2678 1776 2718 aut
1792 2675 1858 2718 de
1876 2686 1940 2718 eo
1959 2675 2269 2729 scripserunt
2281 2674 2506 2718 testimo-

294 2734 408 2790 niis,
436 2746 562 2778 cum
581 2734 635 2777 in
654 2734 757 2778 hac
777 2734 1123 2789 Philosophiae
1149 2738 1315 2790 parte,
1342 2746 1450 2779 non
1472 2735 1591 2778 satis
1612 2735 1671 2777 fit
1690 2734 1866 2778 dicere
1887 2729 2039 2786 ἀυτὸς
2059 2730 2180 2786 ἕψω
2210 2734 2312 2777 Sed
2337 2734 2504 2788 requi-

294 2797 481 2836 rantur
493 2796 658 2837 certae
672 2794 714 2836 ἃ
726 2793 968 2838 immotae
988 2794 1462 2838 demonstrationes
1478 2794 1846 2837 Geometricae.
1871 2793 2024 2837 Hanc
2045 2793 2191 2836 uiam
2210 2793 2386 2836 iudico
2405 2793 2504 2836 esse

293 2853 619 2896 tutissimam:
635 2864 734 2896 nec
747 2856 931 2896 tamen
942 2853 1192 2908 impedio,
1209 2865 1315 2908 quo
1329 2853 1503 2896 minus
1517 2853 1607 2896 sua
1622 2853 1811 2907 cuique
1827 2852 2078 2896 sententia
2091 2854 2321 2907 placeat:
2338 2853 2502 2896 modo

294 2923 403 2956 non
417 2915 622 2955 euertat
636 2915 777 2956 artes
791 2912 1038 2956 diuinitus
1051 2912 1384 2964 monstratas,
1403 2913 1635 2968 allegans
1648 2924 1823 2967 pauca
1838 2913 2089 2967 quaedam
2104 2913 2364 2966 exempla,
2381 2923 2503 2966 quae

296 2971 600 3026 aliquando,
623 2971 664 3014 81
685 2971 900 3026 quidem
920 2983 1044 3015 raro
1066 2975 1254 3016 contra
1273 2972 1512 3027 regulam
1533 2971 1855 3015 acciderunt.

370 3031 538 3074 Restat
556 3031 744 3074 ultima
764 3030 1075 3083 Quaestionis
1094 3034 1203 3075 tuae
1226 3043 1350 3086 pars
1370 3031 1436 3074 de
1457 3030 1918 3086 significationibus
1943 3030 2099 3074 huius
2119 3031 2371 3074 Cometae.
2400 3029 2504 3073 Sed

295 3090 435 3133 hanc
461 3090 514 3132 in
540 3090 684 3133 aliud
708 3093 921 3145 tempus
947 3090 1271 3134 differemus.
1302 3090 1454 3134 Nunc
1481 3092 1606 3134 cum
1633 3090 1963 3145 agnoscimus
1985 3089 2292 3145 impendere
2316 3089 2504 3132 fatales

296 3149 645 3204 imperiorum
665 3149 1003 3201 mutationes,
1032 3150 1073 3192 ἃ
1099 3150 1198 3193 has
1218 3149 1550 3193 calamitates
1571 3153 1731 3194 metae
1751 3149 1936 3192 mundi
1956 3149 2202 3193 diuinitus
2222 3147 2504 3203 praedid'tas

296 3208 411 3261 esse,
441 3209 675 3252 orandus
695 3209 769 3252 est
789 3209 1094 3252 ardentibus
1115 3209 1255 3253 uotis
1275 3209 1536 3252 Dominus
1556 3209 1731 3253 noster
1750 3209 1890 3252 Iesus
1910 3209 2154 3260 Christus,
2181 3211 2239 3251 ut
2263 3208 2367 3251 hoc
2393 3207 2502 3262 ipso

294 3271 538 3323 tempore
564 3279 662 3323 pro
687 3268 806 3324 filijs
831 3268 1012 3323 populi
1038 3268 1113 3311 sui
1137 3268 1368 3320 dimicet,
1396 3267 1646 3312 defendat
1672 3268 1713 3311 ἃ
1740 3268 1909 3312 seruet
1936 3279 2045 3320 eos,
2073 3279 2139 3311 ne
2160 3269 2192 3310 a
2213 3267 2440 3311 Diabolo
2462 3267 2503 3308 81

299 3327 410 3370 eius
431 3327 657 3382 organis,
679 3328 892 3383 prorsus
912 3327 1282 3383 opprimantur
1301 3327 1342 3370 ἃ
1362 3327 1745 3383 extinguantur.
1768 3327 1903 3370 Dixi.

447 3423 512 3459 ιε·
2350 3410 2503 3474 Quae
