2976 4264
551 313 643 364 122
1052 309 1662 363 ASTRONOMIAE
1689 308 2255 361 INSTAURATAE

621 451 900 493 Enimuero
928 450 1054 492 illud
1081 449 1287 492 excelso
1308 448 1596 503 Illustrique
1622 450 1744 492 loco
1771 449 1812 492 8ι
1838 448 2041 492 insolito
2068 448 2270 503 fulgore
2297 448 2463 493 nitere
2488 450 2670 503 uoluit,
2697 454 2755 494 ut

550 510 938 564 conspiceretur
957 509 997 550 81
1019 508 1388 563 agnosceretur
1406 509 1593 562 procul
1614 508 1681 551 ab
1704 508 1951 551 omnibus
1971 508 2012 550 8ι
2031 508 2086 550 in
2105 508 2346 552 omnium
2365 509 2518 563 longe
2544 510 2754 564 lateque

551 571 733 613 oculos
753 569 1057 611 incurreret.

620 628 716 670 Etfi
744 627 897 681 igitur
926 626 1256 670 assertionem
1287 626 1462 669 adhuc
1493 626 1741 678 cohibeo;
1775 638 1804 670 e
1837 627 2181 670 Cometarum
2211 629 2395 669 tamen
2426 639 2615 682 genere
2646 639 2754 671 non

548 687 795 731 excludo:
824 697 1052 739 quorum
1079 685 1332 729 barbatos
1359 685 1491 729 alios
1517 685 1605 728 seu
1632 687 1908 738 caudatos,
1937 685 2069 729 alios
2094 698 2162 729 ex
2186 689 2337 740 parte
2364 686 2509 734 omni
2527 686 2753 731 hirsutos

547 747 860 799 iubatosque
886 745 1013 787 facit
1031 744 1346 796 Aristoteles,
1376 744 1464 798 qui
1490 745 1702 800 proprie
1727 743 1960 798 κομήται,
1988 745 2131 799 quod
2158 745 2365 788 Comati
2391 746 2485 788 sint
2505 746 2546 789 81
2566 746 2751 799 criniti,

548 805 715 859 qualis
736 804 956 847 fortassis
977 804 1132 846 huius
1152 803 1346 847 Sideris
1367 803 1438 847 est
1458 804 1676 858 species:
1699 805 1802 848 Sed
1824 805 1990 848 oculis
2011 804 2394 859 comprehendi
2407 805 2476 849 ob
2493 805 2754 849 interualli

547 863 961 919 magnitudinem
987 863 1180 917 nequit.
1211 863 1400 906 Plinius
1426 864 1602 918 plures
1628 865 1862 908 recenset
1886 864 2107 916 formas,
2134 864 2270 908 inter
2295 876 2429 919 quas
2454 861 2656 917 δίσκεος
2682 865 2753 909 est

547 925 636 967 suo
672 922 873 966 nomini
908 922 1103 966 similis:
1146 922 1283 965 Huic
1316 934 1446 966 uero
1481 923 1725 977 praesenti
1753 924 1939 979 figurae
1968 935 2076 967 non
2103 924 2259 978 plane
2289 924 2552 967 absimilis.
2586 925 2751 977 Idem,

546 982 752 1026 moueri
783 982 913 1025 alios
943 982 1233 1024 errantium
1262 983 1443 1034 modo,
1475 982 1607 1026 alios
1631 983 1933 1027 immobiles
1958 983 2181 1035 haerere,
2211 983 2384 1027 tradit.
2417 983 2754 1039 Quapropter
2806 995 2848 1030 10

544 1041 914 1085 immobilitate
933 1041 1003 1083 nil
1024 1052 1264 1084 moueor.

616 1102 695 1143 De
713 1100 944 1144 Cometis
963 1100 1097 1154 ipsis,
1119 1103 1363 1144 ueterum
1384 1101 1759 1155 disputationes
1774 1102 1815 1145 81
1829 1101 2109 1145 sententias
2128 1105 2384 1153 retexere,
2407 1114 2528 1156 quae
2548 1102 2683 1146 inter
2702 1103 2751 1146 se

544 1160 830 1215 plurimum
858 1159 1167 1214 discrepant,
1198 1160 1354 1203 nimis
1381 1160 1518 1204 foret
1542 1162 1774 1216 longum.
1808 1161 1853 1204 N
1858 1173 1928 1205 on
1954 1162 2068 1204 sunt
2092 1162 2304 1216 proprie
2332 1162 2599 1216 loquendo
2624 1162 2752 1205 talia

544 1216 751 1272 σώματα
771 1216 1009 1271 ὃιαφάνη,
1037 1231 1158 1273 quae
1184 1220 1275 1262 sua
1295 1222 1486 1262 natura
1513 1221 1554 1263 81
1580 1217 1792 1273 δυνάμει
1811 1217 2050 1273 διαφάνη,
2075 1221 2204 1264 talia
2229 1221 2361 1264 fiant
2386 1221 2613 1276 energia,
2640 1233 2753 1276 per-

544 1279 683 1322 cussa
703 1278 863 1333 radijs
884 1278 1155 1322 Solaribus
1177 1291 1240 1322 ac
1263 1280 1407 1334 quafi
1433 1280 1642 1333 perfusa
1668 1277 1935 1324 διακλάσει
1960 1281 2048 1323 seu
2068 1280 2414 1324 Illustratione
2440 1281 2749 1333 eorundem,
2804 1292 2846 1327 15

544 1341 702 1392 atque
723 1335 999 1381 ἀνακλάσει
1018 1337 1348 1382 refractione.
1374 1339 1556 1393 Neque
1572 1351 1693 1394 quae
1706 1339 1760 1383 in
1775 1340 1888 1396 alijs
1903 1339 2182 1394 conspecsta
2197 1340 2267 1383 est
2282 1341 2457 1383 cauda
2469 1340 2523 1383 in
2536 1341 2751 1395 longum

542 1396 802 1452 porrecta,
830 1409 896 1440 ex
922 1398 1300 1452 pellucentium
1319 1398 1594 1442 radiorum
1615 1399 1749 1443 Solis
1769 1398 2084 1443 refrad’tione
2106 1402 2197 1442 aut
2215 1401 2434 1443 transitu
2453 1400 2538 1443 est.
2569 1400 2752 1454 Neque

542 1458 655 1500 sunt
682 1454 922 1509 ἑκφάσεις
949 1460 1040 1500 aut
1065 1455 1318 1509 φάσματα,
1349 1458 1706 1513 apparitiones
1733 1462 1824 1502 aut
1850 1459 1979 1503 uisa:
2011 1470 2109 1503 nec
2137 1460 2241 1503 fine
2271 1457 2499 1503 subiecsta
2527 1460 2751 1503 materia

539 1517 890 1559 incenduntur
910 1519 1002 1559 aut
1021 1517 1384 1560 exardescunt.

612 1576 709 1618 Etsi
731 1576 871 1619 enim
891 1576 1046 1619 inesse
1067 1577 1315 1620 omnibus
1335 1577 1447 1619 uim
1468 1577 1629 1620 aliam
1650 1578 1965 1622 diuiniorem
1988 1589 2097 1621 non
2121 1578 2344 1630 inficior,
2373 1590 2536 1632 quam
2563 1590 2630 1621 ex
2655 1579 2754 1622 ele-
2802 1589 2848 1624 20

540 1635 730 1678 mentis
743 1647 864 1689 quae
877 1636 1159 1691 propagari
1170 1636 1339 1690 possit:
1357 1636 1488 1679 Sunt
1496 1639 1679 1680 tamen
1691 1637 1917 1681 caelestia
1928 1639 2181 1692 pleraque
2192 1637 2483 1692 praesertim
2498 1641 2754 1690 meteora,

540 1696 696 1749 plena
722 1695 952 1738 numinis
979 1695 1155 1747 diuini,
1184 1697 1341 1750 plena
1365 1696 1753 1741 admirationis:
1784 1708 2013 1752 quorum
2035 1697 2290 1740 admirari
2308 1697 2478 1753 magis
2499 1697 2754 1753 originem

540 1755 581 1796 Sc
609 1757 872 1806 naturam,
906 1767 1069 1809 quam
1096 1755 1364 1810 explicare
1392 1756 1596 1799 caussas
1621 1756 1906 1810 possumus.
1937 1756 2265 1800 Aristotelica
2289 1760 2474 1800 tamen
2498 1769 2612 1812 prae
2640 1757 2755 1813 alijs

541 1812 834 1867 ampled'tor
859 1815 900 1856 ἃ
928 1814 1177 1858 Cometas
1197 1811 1446 1867 οὐσιῶδες
1473 1815 1686 1870 aliquid,
1717 1819 1876 1870 atque
1902 1819 1959 1859 ut
1984 1816 2197 1871 proprie
2223 1816 2393 1871 magis
2420 1817 2564 1871 quod
2591 1817 2753 1860 sentio

540 1884 808 1927 exponam
828 1870 1167 1926 ὑποκάυματα
1190 1871 1418 1928 μετέωρα
1438 1875 1536 1918 esse
1556 1875 1733 1919 iudico
1752 1887 1819 1919 ex
1835 1875 2171 1919 inflammata
2186 1876 2412 1919 materia
2426 1876 2750 1919 elementari.
2803 1887 2849 1921 25

542 1933 865 1976 Fracastorio
897 1934 1200 1977 excellentis
1229 1934 1416 1989 ingenij
1445 1935 1486 1977 81
1512 1934 1686 1990 iudicij
1717 1935 1835 1978 uiro
1866 1936 1983 1978 suas
2011 1935 2314 1978 Phantafias
2342 1935 2598 1990 relinquo,
2631 1948 2753 1990 quae
2802 1940 2831 1983 ·1·

541 1988 951 2045 ἀναιτιολόγητοι
963 1990 1051 2035 καὶ
1065 1990 1410 2037 ἀνεπίδεικτοι
1424 1994 1552 2037 sunt.
1577 1995 1797 2050 Cornelij
1814 2006 1945 2038 uero
1959 1995 2206 2050 Agrippae
2222 1995 2439 2047 somnia,
2456 1995 2497 2038 81
2511 1995 2564 2037 in
2578 1995 2752 2038 Deum

541 2052 865 2105 blasphema,
898 2053 938 2094 8ι
967 2053 1404 2108 Philosophorum
1436 2054 1788 2107 probatorum
1819 2054 2113 2098 rationibus
2146 2058 2305 2108 atque
2338 2054 2599 2110 sententijs
2632 2066 2754 2098 con-

539 2111 718 2163 traria,
741 2111 981 2154 detestor.
1005 2112 1116 2156 Nec
1136 2113 1338 2156 temere
1358 2113 1450 2155 nifi
1471 2113 1802 2157 euidentibus
1823 2114 2147 2169 argumentis
2167 2112 2442 2158 conuicstus
2459 2126 2491 2157 a
2508 2117 2752 2158 ueterum

539 2170 759 2226 uestigijs
780 2171 1006 2214 discedo.
2797 2183 2844 2219 30

611 2230 690 2272 De
706 2230 1003 2285 significatis
1016 2231 1372 2285 pronunciare
1386 2232 1772 2286 particularius,
1788 2233 2027 2276 nondum
2041 2232 2147 2276 fine
2162 2233 2372 2287 cognito
2385 2233 2426 2276 81
2437 2233 2596 2285 exitu,
2613 2232 2752 2276 foret

539 2290 900 2333 temerarium.
936 2290 1168 2334 Omnino
1202 2291 1343 2334 enim
1376 2290 1766 2346 expectandum
1798 2292 1903 2335 hoc
1936 2292 2036 2336 esse
2068 2292 2278 2336 censeo:
2313 2295 2370 2335 ut
2402 2304 2527 2336 cum
2554 2293 2749 2344 lumen,

540 2349 973 2403 magnitudinem,
1003 2351 1241 2394 colorem
1269 2351 1467 2406 ceperit
1487 2355 1713 2403 mutare,
1742 2364 1811 2394 an
1830 2353 2011 2396 locum
2032 2351 2195 2395 etiam
2216 2352 2275 2394 fit
2294 2351 2617 2396 uariaturus:
2646 2352 2686 2394 ἃ
2714 2352 2750 2395 fi

541 2411 749 2451 motum
769 2409 926 2452 fuerit
947 2410 1185 2464 adeptus,
1215 2411 1283 2453 ad
1305 2423 1469 2465 quam
1488 2412 1701 2466 plagam
1721 2411 1907 2454 mundi
1925 2412 1985 2454 fit
2004 2411 2054 2454 se
2076 2412 2441 2463 conuersurus,
2470 2412 2619 2455 cuius
2644 2412 2752 2467 pla-

540 2470 679 2510 netae
705 2467 923 2511 ductum
950 2469 1236 2522 secuturus,
1266 2470 1522 2524 quamdiu
1548 2470 1772 2514 fulsurus
1798 2471 1870 2514 fit.
1901 2470 2038 2523 Quin
2063 2471 2278 2514 ultimas
2303 2472 2345 2514 ἃ
2371 2470 2560 2514 fatales
2580 2474 2749 2514 muta·
2797 2481 2842 2516 35

539 2526 708 2570 tiones
728 2528 904 2582 generi
923 2528 1161 2572 humano
1176 2530 1473 2584 portendat,
1495 2531 1652 2584 plane
1667 2530 1888 2573 dubium
1903 2542 2010 2574 non
2024 2530 2109 2574 est.
2133 2530 2236 2573 Sed
2251 2530 2463 2573 easdem
2477 2530 2750 2574 minitatur

539 2586 691 2629 nobis
718 2587 823 2641 ipse
848 2588 1187 2642 praesentium
1212 2600 1395 2632 rerum
1422 2600 1486 2632 ac
1512 2589 1845 2644 negotiorum
1870 2590 2049 2633 cursus
2069 2589 2122 2632 in
2142 2589 2389 2633 omnibus
2409 2601 2544 2644 pene
2565 2590 2748 2645 Regnis

540 2657 602 2688 ac
618 2646 855 2700 partibus
870 2646 1026 2690 Orbis
1038 2650 1322 2700 terrarum,
1344 2651 1402 2691 ut
1416 2649 1618 2692 Caelum
1630 2649 1898 2703 Terraque
1911 2649 1964 2691 in
1978 2660 2163 2703 paenas
2178 2648 2366 2693 fatales
2379 2649 2748 2704 multiplicium

539 2708 887 2758 peccatorum
906 2707 1131 2750 uniuersi
1152 2708 1355 2762 generis
1375 2708 1597 2751 humani
1618 2709 1918 2763 conspirare
1938 2708 2233 2752 uideantur.
2262 2708 2440 2760 Quare
2461 2709 2549 2763 qui
2569 2709 2748 2752 sumus

540 2764 580 2805 8ι
605 2765 921 2818 profitemur
946 2778 1044 2809 nos
1071 2767 1169 2810 esse
1196 2778 1325 2810 uera
1349 2768 1595 2811 membra
1615 2768 1860 2811 Ecclefiae
1880 2767 1968 2823 filij
1992 2768 2105 2820 Dei,
2135 2769 2442 2811 attollamus
2463 2768 2639 2822 capita
2659 2779 2749 2811 no-

540 2823 641 2866 stra
668 2824 737 2866 ad
764 2824 981 2876 Caelum,
1009 2825 1100 2868 ubi
1125 2826 1196 2869 est
1222 2826 1510 2870 secundum
1536 2828 1755 2870 Paulum
1778 2827 2070 2871 Politeuma
2094 2827 2345 2880 nostrum,
2375 2839 2438 2871 ac
2465 2839 2749 2882 precemur

541 2883 844 2926 ardentibus
864 2884 1002 2927 uotis
1023 2886 1065 2927 8ι
1085 2885 1379 2940 gemitibus,
1407 2889 1465 2928 ut
1491 2886 1782 2929 aduentum
1809 2887 2071 2930 acceleret
2097 2887 2246 2930 suum
2268 2888 2577 2942 redemptor
2596 2887 2637 2929 ἃ
2658 2887 2749 2930 sal-

538 2944 694 2985 uator
730 2943 903 2987 noster
939 2944 1076 2987 filius
1115 2945 1213 2988 Dei
1245 2946 1286 2988 81
1317 2945 1590 3000 praeripiat
1620 2957 1718 2989 nos
1757 2946 1951 3001 ingenti
1980 2946 2276 3001 tempestati
2308 2946 2746 2990 atrocissimarum

539 3002 922 3054 calam1tatum‚
952 3015 1073 3057 quae
1099 3015 1165 3047 ex
1192 3005 1339 3048 omni
1364 3007 1515 3059 parte
1541 3017 1728 3060 urgere
1754 3005 1863 3048 iam
1887 3006 2124 3049 ceruices
2143 3005 2347 3049 nostras
2366 3005 2626 3049 uidentur.
2656 3005 2748 3048 Co-

538 3059 760 3114 gitemus
782 3062 942 3104 etiam
964 3063 1142 3118 singuli
1162 3064 1227 3107 de
1246 3076 1376 3107 uera
1391 3065 1432 3107 δι
1447 3064 1578 3107 seria
1594 3065 1662 3107 ad
1677 3065 1850 3107 Deum
1871 3066 2230 3116 conuerfione‚
2252 3065 2294 3107 ἃ
2316 3065 2385 3108 ad
2405 3065 2628 3120 singulos
2647 3076 2747 3109 nos
2795 3073 2842 3108 45

539 3119 657 3161 haec
679 3120 803 3163 Caeli
824 3121 1022 3164 ostenta
1048 3123 1326 3176 pertinere,
1355 3124 1561 3179 singulis
1582 3135 1647 3167 ea
1667 3125 1988 3168 denunciare
2009 3125 2050 3167 81
2070 3124 2330 3168 intentare
2349 3136 2537 3179 poenas
2557 3127 2704 3168 certo
2726 3121 2747 3182 ΙΙ

539 3178 691 3221 nobis
717 3180 1143 3232 persuadeamus.
1176 3182 1279 3225 Sed
1305 3183 1371 3226 de
1396 3183 1505 3238 ipso
1532 3183 1728 3235 Sidere,
1761 3187 2021 3233 quantum
2047 3183 2296 3238 deinceps
2324 3183 2747 3238 peruestigaueri—
2778 3182 2866 3227 608

538 3249 672 3288 mus,
702 3238 742 3279 81
770 3239 894 3292 quid
920 3251 986 3282 ex
1012 3241 1307 3285 canonibus
1325 3242 1739 3297 Astrologorum,
1769 3242 2020 3297 quibusue
2039 3244 2356 3297 portendere
2377 3242 2747 3286 existimaueri-

540 3308 674 3347 mus,
692 3296 891 3340 cuncf’tis
907 3300 1208 3343 accuratius
1221 3301 1512 3355 perquisitis
1524 3302 1564 3343 ἃ
1575 3302 1856 3357 pensitatis,
1874 3302 2116 3345 scribam.
2134 3302 2271 3346 Bene
2283 3303 2324 3345 δι
2335 3302 2556 3346 feliciter
2568 3303 2747 3345 ualeat

538 3356 694 3398 celsit.
722 3356 775 3398 T.
800 3357 883 3399 cui
905 3359 973 3400 ad
1001 3371 1201 3403 annum
1227 3360 1606 3415 ingredientem
1631 3372 1823 3415 precor
1847 3361 2206 3405 ualetudinem
2232 3361 2464 3413 firmam,
2494 3361 2747 3416 guberna·
2796 3368 2842 3404 50

2520 3450 2744 3498 tionem

2801 698 2830 913 01-1-01

2796 2776 2843 2873 *ΡΞ
