2976 4264
467 309 560 363 138
968 303 1577 359 ASTRONOMIAE
1603 301 2168 356 INSTAURATAE

467 449 703 502 citraque
717 448 1023 500 euagentur:
1045 445 1246 487 Tamen
1260 443 1389 487 certi
1402 443 1552 495 fines,
1572 443 1715 497 quasi
1730 442 1937 494 limites,
1954 442 1994 484 81
2007 442 2218 485 termini
2229 442 2474 497 utrinque
2487 443 2667 486 uersus

467 507 743 551 Meridiem
769 506 810 548 δι
837 503 1258 558 septentrionem,
1286 503 1547 557 graduum
1574 502 1788 556 septem,
1816 513 1950 556 quos
1975 513 2251 556 nunquam
2275 502 2665 554 transcendunt,

466 568 532 610 ab
562 564 863 608 Artificibus
894 563 1007 605 sunt
1037 562 1402 605 animaduerfi.
1438 561 1541 604 Sed
1570 561 1675 605 hoc
1710 560 1969 604 ostentum
1999 562 2085 604 uel
2115 557 2263 614 τέρας
2290 563 2348 604 01
2377 561 2667 616 superiores

464 621 839 678 παρατηρήσεις
859 622 1108 673 indicant,
1138 621 1432 664 admodum
1455 621 1641 675 procul
1662 620 1729 663 ab
1751 619 2018 674 Ecliptica,
2046 620 2226 663 uersus
2246 619 2667 675 Septentrionem

465 685 534 727 est
558 686 842 734 remotum,
871 682 1006 724 adeo
1026 684 1084 723 ut
1105 681 1210 724 1100
1232 680 1455 735 spatium
1477 680 1547 723 ad
1566 679 1863 722 maximam
1882 680 2217 723 Planetarum
2237 679 2305 722 ab
2327 680 2577 734 Ecliptica
2598 679 2668 723 di·
2716 688 2738 722 5

463 743 769 798 gressionem
790 741 989 783 habeat
1008 740 1119 783 fere
1138 739 1402 783 rationem
1423 738 1707 794 octuplam.
1735 738 2144 782 Obseruationes
2170 738 2313 782 enim
2339 739 2533 782 docent
2557 739 2668 782 lati-

462 803 699 845 tudinem
728 799 1187 855 septentrionalem
1216 799 1316 843 esse
1343 799 1416 842 54.
1449 798 1609 842 Grad.
1645 797 1713 842 16.
1746 798 1913 853 scrup.
1946 797 2083 841 Hinc
2111 798 2288 841 rursus
2318 797 2664 850 concluditur,

464 862 606 915 quod
626 872 732 904 non
752 859 900 915 possit
920 858 1018 902 esse
1037 860 1265 902 Planeta.

532 922 791 963 Praeterea
804 920 1139 962 Planetarum
1153 929 1261 962 non
1275 917 1346 961 est
1361 917 1654 969 scintillare,
1677 919 1768 960 aut
1785 917 2075 960 tremulum
2091 916 2291 960 habere
2307 917 2502 968 lumen,
2524 917 2667 971 quod

461 980 513 1022 in
539 980 642 1023 hoc
665 979 905 1022 Meteoro
927 978 1094 1021 oculis
1115 976 1604 1020 animaduertImus.
1634 976 1794 1032 Igitur
1812 976 1854 1019 81
1873 975 1977 1019 hac
1997 975 2202 1020 ratione
2221 976 2558 1019 Planetarum
2577 988 2668 1019 nu·
2720 984 2763 1018 10

461 1051 610 1082 mero
632 1037 895 1081 adimitur.

532 1098 716 1152 Neque
741 1100 924 1140 tamen
948 1096 1084 1139 inter
1103 1096 1291 1140 Stellas
1312 1095 1464 1139 Fixas
1490 1098 1707 1150 propter
1733 1094 2153 1139 scintillationem
2177 1094 2251 1138 est
2268 1094 2664 1138 recensendum.

462 1158 601 1200 Nam
628 1158 669 1200 81
697 1157 763 1199 ab
790 1157 871 1199 his
896 1156 1076 1211 infigni
1101 1155 1300 1199 recedit
1326 1155 1638 1198 discrimine.
1671 1154 1836 1198 Nullis
1864 1154 2008 1198 enim
2031 1166 2270 1208 unquam
2297 1153 2480 1198 seculis
2505 1157 2664 1206 retro,

460 1217 703 1260 Artifices
728 1217 780 1259 in
807 1216 1091 1270 Cassiopea‚
1119 1217 1296 1270 plures
1323 1226 1486 1269 quam
1516 1214 1585 1258 13.
1613 1214 1802 1257 Stellas
1829 1213 2309 1269 deprehenderunt:
2337 1225 2505 1268 nuper
2530 1214 2666 1257 adeo

461 1276 667 1320 accessit
687 1276 805 1319 haec
825 1279 1084 1329 tanquam
1102 1275 1170 1318 14.
1188 1275 1275 1318 sed
1289 1275 1453 1327 claro,
1475 1272 1497 1333 ΙΙ
1516 1273 1762 1326 candido,
1784 1274 1826 1316 81
1845 1285 1979 1328 puro
1995 1273 2085 1317 suo
2100 1273 2313 1326 lumine,
2335 1284 2444 1316 non
2455 1275 2666 1316 tantum
2697 1272 2785 1316 624

460 1336 743 1390 Cassiopeae
763 1336 972 1378 Stellas:
1000 1334 1202 1377 Verum
1222 1334 1384 1377 etiam
1404 1333 1574 1388 ipsum
1594 1332 1823 1387 Syrium,
1849 1332 2090 1376 omnium
2109 1332 2163 1375 in
2183 1333 2326 1376 Caelo
2346 1332 2666 1376 haerentium

459 1396 741 1439 Stellarum
761 1394 1125 1438 lucidissimum
1140 1393 1193 1436 in
1207 1393 1464 1448 principio
1481 1392 1758 1447 superauit.
1782 1391 1984 1436 Deinde
1998 1392 2280 1435 Stellarum
2294 1392 2542 1435 Fixarum
2558 1403 2666 1436 non

459 1455 532 1498 est
551 1454 747 1497 mutari
767 1453 1141 1508 magnitudine,
1163 1453 1438 1508 splendore
1459 1453 1500 1495 81
1521 1453 1718 1496 colore.
1745 1452 1848 1495 Sed
1867 1452 1972 1495 1100
1994 1451 2273 1496 Meteoron
2291 1451 2523 1494 uidimus
2542 1463 2668 1506 pau-

458 1514 606 1557 latim
633 1525 859 1569 corpore
886 1515 1234 1564 attenuatum,
1262 1512 1460 1555 lumine
1486 1511 1820 1564 diminutum,
1849 1511 1890 1554 81
1917 1512 2098 1555 001016
2125 1510 2388 1555 albicante
2415 1511 2456 1554 81
2483 1511 2666 1554 Iouiali

458 1574 715 1628 paulatim
735 1573 788 1616 in
807 1573 1035 1616 rubeum
1055 1572 1096 1614 8ι
1118 1571 1444 1616 Μ3001110111
1464 1571 1796 1615 conuersum.
2713 1577 2760 1612 20

530 1633 667 1677 Hinc
698 1635 840 1677 certe
869 1632 1258 1676 raciocinantes
1287 1631 1671 1682 concludimus,
1702 1641 1874 1685 neque
1903 1630 2120 1673 Stellam
2147 1629 2330 1672 Fixam
2360 1629 2473 1673 esse.
2506 1629 2667 1673 Relin-

459 1693 635 1747 quitur
653 1692 806 1748 igitur
825 1692 923 1735 esse
945 1692 1244 1735 Meteoron:
1274 1691 1314 1733 81
1342 1691 1556 1745 quidem
1579 1689 1715 1734 inter
1733 1701 1927 1745 genera
1947 1690 2290 1733 Cometarum
2309 1689 2663 1732 referendum.

459 1752 528 1794 Hi
554 1752 695 1795 enim
723 1752 813 1795 soli
839 1751 928 1794 diu
957 1751 1008 1794 se
1037 1749 1349 1805 spectandos
1378 1750 1635 1805 praebent,
1666 1761 1791 1793 cum
1820 1751 2019 1793 caetera
2046 1748 2200 1804 ignea
2228 1751 2469 1792 meteora
2496 1748 2665 1792 subito

458 1811 799 1866 conflagrent.
818 1811 994 1862 Quare
1009 1809 1297 1854 certissimis
1312 1809 1634 1864 argumentis
1648 1807 1892 1861 conuicti,
1909 1808 2246 1862 affirmamus
2257 1808 2356 1852 esse
2367 1808 2661 1852 Cometam.

460 1871 610 1914 Nunc
622 1870 963 1925 inquirendus
974 1870 1048 1913 est
1057 1870 1222 1921 locus,
1240 1881 1399 1924 quem
1410 1869 1459 1913 ei
1470 1868 1837 1912 attribuamus.
1854 1867 1992 1912 Hinc
2006 1868 2361 1923 ingrediemur
2373 1867 2426 1910 in
2440 1866 2662 1922 disputa·
2711 1875 2756 1909 25

456 1930 656 1974 tionem
669 1930 722 1973 in
737 1942 842 1984 qua
856 1930 1036 1984 priora
1051 1942 1083 1972 a
1096 1929 1249 1973 nobis
1264 1927 1402 1972 dicta
1417 1941 1449 1971 a
1463 1927 1837 1983 posterioribus
1851 1927 2108 1971 dissentire
2124 1927 2384 1970 uidentur.
2408 1927 2662 1981 Equidem

456 1990 629 2033 fateor
647 1990 700 2032 in
719 1990 862 2032 nulla
882 1992 1032 2044 parte
1052 1988 1151 2032 esse
1172 1988 1434 2032 maiorem
1454 1987 1839 2039 difficultatem,
1862 1999 2025 2042 quam
2044 1987 2098 2030 in
2119 1987 2399 2030 scrutando
2421 1986 2463 2028 81
2482 1998 2666 2041 appre-

457 2049 738 2093 hendendo
759 2048 1028 2104 praesentis
1043 2048 1279 2091 Cometae
1299 2048 1435 2091 loco.
1458 2047 1511 2090 Si
1526 2046 1668 2091 enirn
1683 2046 2016 2090 statuerimus
2029 2046 2198 2101 ipsum
2213 2046 2311 2090 esse
2327 2046 2481 2100 supra
2495 2046 2664 2089 Lunae

458 2108 738 2163 Sphaeram
752 2109 804 2151 in
819 2108 1077 2151 AEtherea
1096 2107 1325 2162 regione,
1346 2109 1404 2150 ut
1423 2107 1616 2150 nostrae
1632 2107 1672 2149 81
1687 2106 1915 2150 aliorum
1930 2105 2325 2150 obseruationes
2339 2117 2437 2149 nos
2452 2105 2661 2157 docent,

458 2167 711 2211 euertitur
734 2168 922 2210 ufitata
949 2165 1188 2211 dodtrina
1206 2166 1533 2210 Aristotelica
1555 2167 1621 2209 de
1642 2165 1873 2210 Cometis
1897 2168 1978 2209 tot
2002 2165 2186 2209 seculis
2213 2165 2280 2209 ab
2308 2164 2555 2208 omnibus
2576 2177 2664 2219 ap-
2712 2171 2759 2207 3ο

457 2228 698 2282 probata.
727 2227 780 2270 Si
799 2239 928 2271 uero
954 2227 1008 2269 in
1033 2228 1215 2270 locum
1236 2225 1558 2277 inferiorem,
1585 2225 1831 2269 uidelicet
1854 2225 1908 2267 in
1934 2224 2243 2268 elementari
2266 2224 2479 2279 regione
2506 2225 2665 2268 collo-

459 2287 761 2330 cauerimus
782 2287 1076 2337 Cometam‚
1105 2297 1212 2330 non
1239 2285 1407 2329 solum
1434 2285 1537 2340 alij,
1566 2285 1653 2328 sed
1680 2285 1721 2327 81
1746 2296 1845 2328 nos
1868 2283 2091 2339 turpiter
2115 2284 2168 2326 in
2188 2283 2569 2327 obseruatione
2589 2294 2664 2327 er-

458 2346 709 2389 rauimus.
740 2345 961 2390 Proinde
988 2345 1151 2389 effleit
1178 2345 1283 2389 hoc
1316 2345 1610 2397 Meteoron,
1639 2347 1697 2387 ut
1724 2343 1872 2387 inuiti
1901 2355 2160 2399 cogamur
2190 2340 2582 2397 μετεωρίζεσθαι
2609 2343 2663 2386 id

458 2406 545 2458 est,
568 2405 824 2457 dubitare,
847 2406 888 2448 81
910 2405 1219 2459 suspendere
1240 2404 1509 2448 assensum.

525 2465 759 2508 Breuiter
779 2476 1046 2519 exponam
1068 2464 1192 2519 quid
1213 2475 1310 2519 ego
1332 2463 1572 2507 sentiam:
1596 2463 1632 2506 fi
1652 2462 1736 2518 alij
1759 2463 1988 2506 certiora
2008 2463 2050 2506 81
2069 2462 2292 2506 meliora
2310 2461 2597 2506 attulerint:
2620 2461 2661 2504 81
2710 2469 2756 2505 35

454 2525 489 2567 si
510 2536 721 2579 quoque
743 2524 1051 2568 sententiam
1071 2535 1268 2575 meam,
1295 2522 1589 2566 rationibus
1607 2525 1791 2565 tamen
1809 2521 1978 2565 firmis
2004 2521 2334 2577 exploserint,
2362 2533 2470 2566 non
2495 2521 2660 2565 modo

452 2595 560 2627 non
586 2583 660 2627 eis
687 2584 1004 2636 succensere,
1034 2583 1122 2626 sed
1148 2583 1188 2625 81
1215 2582 1426 2638 gratias,
1455 2582 1599 2637 quod
1625 2585 1894 2625 errantem
1913 2581 1966 2624 in
1985 2581 2132 2624 uiam
2157 2581 2477 2634 reduxerint,
2506 2592 2661 2636 agere

454 2644 593 2687 uolo.
614 2643 683 2686 Vt
701 2643 855 2698 igitur
873 2643 959 2686 hic
980 2643 1151 2686 nodus
1169 2642 1390 2685 tandem
1411 2642 1657 2694 soluatur,
1679 2641 1783 2685 hac
1804 2641 2175 2696 aggrediamur
2193 2640 2296 2684 013.

524 2703 787 2746 Institutus
814 2703 866 2745 in
893 2702 1224 2757 Philosophia
1249 2700 1578 2745 Aristotelica
1603 2704 1683 2745 tot
1709 2700 1893 2744 seculis
1920 2700 2234 2755 approbata,
2265 2700 2306 2742 8:
2336 2712 2457 2755 quae
2486 2699 2661 2743 minus

451 2762 614 2805 habet
640 2774 898 2814 errorum,
926 2773 1268 2816 nequaquam
1295 2760 1604 2805 concesserit
1625 2760 1991 2804 exhalationes
2010 2761 2178 2803 lentas
2199 2760 2240 2802 81
2259 2759 2488 2803 uiscosas
2507 2758 2561 2802 in
2581 2771 2661 2814 ge·
2709 2765 2756 2800 4ο

451 2822 723 2865 neratione
751 2821 966 2876 quidem
994 2822 1230 2865 Cometae
1257 2832 1323 2864 ex
1350 2819 1667 2864 Elementari
1695 2819 1909 2875 regione
1936 2819 2220 2863 ascendere
2245 2818 2298 2861 in
2323 2818 2658 2870 AEtheream,

451 2881 626 2935 ibique
653 2881 888 2924 accendi.
920 2881 979 2923 In
1006 2881 1243 2924 Cometae
1268 2891 1399 2923 uero
1426 2879 1844 2934 conflagratione
1869 2879 2046 2922 rursus
2071 2890 2138 2922 ex
2163 2878 2422 2921 AEtherea
2448 2877 2660 2933 regione

453 2941 768 2984 descendere
786 2940 838 2983 in
853 2941 1258 2991 Elementarem,
1278 2939 1455 2994 ibique
1475 2940 1581 2982 late
1599 2950 1754 2982 urere
1775 2940 1973 2990 aerem,
1995 2939 2037 2981 81
2058 2937 2342 2981 materiam
2363 2937 2461 2981 esse
2480 2939 2660 2981 uento-

452 3011 587 3052 rum,
616 3000 657 3041 &
682 3001 978 3054 producere
1006 2999 1264 3043 siccitates
1290 2998 1330 3040 81
1357 2998 1490 3042 alios
1515 2998 1763 3053 physicos
1788 2996 2022 3041 effectus.
2055 2997 2174 3041 Hoc
2202 2996 2436 3051 inquam,
2467 3008 2660 3050 nequa-

454 3071 616 3112 quam
637 3059 952 3103 concessero.
975 3060 1048 3102 Eo
1070 3058 1211 3102 enim
1232 3057 1490 3109 conceBo,
1517 3058 1803 3112 sequuntur
1821 3057 2050 3112 plurima
2071 3056 2312 3099 absurda.
2342 3056 2661 3100 Conceditur
2708 3062 2755 3097 45

452 3118 745 3171 penetratio
761 3118 1162 3169 dimenfionum,
1183 3120 1241 3160 ut
1254 3118 1412 3172 uulgo
1427 3117 1482 3160 in
1496 3116 1686 3161 scholis
1701 3117 2012 3171 appellatur,
2035 3116 2076 3158 &
2096 3115 2415 3171 effinguntur
2429 3114 2659 3158 Orbibus

454 3177 754 3220 Caelestibus
774 3180 982 3221 meatus
1000 3178 1086 3220 uel
1106 3176 1238 3232 pori,
1261 3177 1389 3220 ficut
1403 3176 1601 3220 mixtis:
1625 3176 1759 3219 Cum
1771 3179 1957 3219 tamen
1971 3176 2121 3218 sacra
2135 3175 2390 3230 scriptura
2405 3174 2561 3218 orbes
2575 3186 2661 3217 ex-

453 3236 615 3290 presse
633 3236 869 3280 nominet
885 3236 1301 3279 Firmamentum
1316 3236 1357 3279 81
1372 3235 1549 3279 Graeci
1567 3235 1879 3290 interpretes
1898 3231 2175 3288 στερέωμα.
2195 3234 2455 3277 Εο6111101
2472 3234 2659 3276 0111313

454 3296 495 3338 81
514 3295 567 3337 111
586 3295 791 3339 Scholis
810 3299 1026 3350 recepta
1046 3295 1392 3339 Elementaris
1406 3295 1447 3337 81
1462 3295 1737 3338 AEthereae
1753 3293 1992 3349 Regionis
2012 3292 2283 3345 distinetio,
2306 3305 2427 3347 quae
2445 3293 2555 3347 ipsa
2575 3303 2660 3335 ex-

453 3354 706 3408 perientia
731 3358 809 3398 tot
835 3355 1058 3398 millium
1089 3366 1354 3399 annorum
1381 3354 1539 3398 docet
1563 3354 1617 3397 in
1643 3353 1953 3398 elementari
1977 3356 2185 3396 tantum
2213 3364 2308 3397 ora
2336 3364 2432 3407 per
2458 3351 2658 3407 primas
2708 3357 2754 3392 50

2345 3436 2656 3501 qualitates
