2976 4264
231 1117 274 1153 10

231 1474 273 1509 15

203 1609 290 1652 533

228 1830 275 1866 20

229 2187 274 2222 25

231 2900 277 2935 35

233 3255 280 3290 40

696 315 1577 370 PROGYMNASMATUM
1602 316 1917 369 TERTIA
1943 317 2147 370 PARS
2457 318 2525 371 47

323 461 494 525 igitur
511 458 674 523 quali
688 458 1074 511 Instrumento
1088 459 1220 511 vsus
1240 459 1319 521 fit,
1341 474 1477 511 cum
1497 461 1759 524 quinque
1780 466 1882 511 aut
1903 460 2058 512 dena
2075 462 2306 511 minuta
2326 459 2526 512 discer-

322 545 463 582 nere
483 545 607 582 non
626 533 895 595 potuerit.
923 530 1172 582 Inclinat
1191 537 1392 582 tamen
1410 533 1596 596 magis
1620 546 1709 591 e0,
1737 532 1897 595 quod
1924 531 2090 583 denis
2115 534 2360 583 minutis
2378 531 2529 584 vltra

322 604 562 653 vicenos
592 601 807 666 gradus
837 601 1071 654 eleuata
1098 601 1287 662 fuerit,
1318 609 1494 666 atque
1524 602 1637 654 hac
1666 605 1729 653 in
1758 617 1819 653 re
1849 618 1973 654 non
1998 602 2253 654 multum
2280 603 2526 663 aberrat,

321 672 524 725 saltem
544 675 703 724 enim
722 676 896 725 vnico
916 675 1147 725 minuto
1167 673 1437 725 altiorem
1456 673 1601 725 iusto
1621 673 1822 725 reddit.
1843 674 2200 725 Assumendo
2222 676 2382 725 enim
2401 674 2528 726 Poli

322 743 712 796 Altitudinem
732 744 1127 796 Viennensem
1151 744 1210 796 P.
1231 745 1317 796 48.
1341 742 1376 810 l.
1398 744 1483 805 22,
1511 751 1684 809 prout
1709 744 2073 796 Purbachius
2099 744 2151 796 81
2178 745 2526 810 Regiomon-

321 822 497 868 tanus
523 815 894 876 denotarunt,
922 831 1042 880 qua
1068 818 1246 868 etiam
1266 814 1645 867 Reisacherus
1670 822 1957 880 tanquam
1982 816 2310 868 indubitata
2334 819 2526 877 vtitur,

323 887 453 939 dico
469 887 629 951 quod
640 886 820 939 Stella
830 887 1013 939 Noua
1020 886 1410 939 Altitudinem
1424 889 1684 939 citimam
1697 887 1778 939 ibi
1792 886 2063 939 habuerit
2076 894 2220 951 part.
2230 888 2315 939 20.
2324 891 2467 940 min.
2476 889 2526 940 9.

323 957 533 1010 Distitit
559 961 719 1009 enim
739 974 777 1010 a
795 958 939 1010 Polo
965 964 1110 1022 part.
1130 958 1216 1010 28.
1237 960 1444 1010 minut.
1466 958 1539 1010 13.
1567 959 1764 1022 Atque
1790 957 1920 1010 1186
1947 974 2082 1010 611111
2109 974 2181 1010 63
2201 958 2528 1011 Reisacheri

322 1029 666 1089 Altitudine,
694 1045 814 1094 qua
834 1029 994 1081 sexta
1012 1036 1176 1094 parte
1195 1029 1346 1081 vltra
1365 1031 1568 1094 viginti
1587 1029 1744 1094 grad.
1767 1029 2063 1081 eleuatam
2082 1031 2280 1091 asserit‚
2307 1030 2527 1082 medio-

323 1103 492 1152 criter
503 1103 884 1162 conueniunt,
896 1099 1218 1165 rectiusque
1230 1100 1538 1165 quadrant,
1552 1116 1734 1165 quam
1741 1099 2029 1152 Thaddaei
2040 1104 2345 1153 annotatio
2356 1101 2529 1166 supra

322 1171 594 1233 indicata,
623 1187 744 1236 qua
769 1178 979 1236 quarta
1003 1178 1168 1236 parte
1193 1171 1344 1224 vltra
1368 1172 1439 1224 20
1458 1187 1537 1236 gr.
1560 1171 1769 1233 eleuat,
1798 1171 1851 1223 81
1877 1172 1951 1224 ob
1972 1172 2031 1223 id
2052 1172 2528 1225 Declinationem

321 1242 472 1295 senis
502 1242 685 1308 scrup.
719 1243 864 1294 iusto
895 1246 1185 1295 maiorem
1217 1243 1419 1295 reddit.
1454 1242 1749 1306 Quamuis
1780 1243 1910 1295 1186
1942 1243 2265 1295 admodum
2293 1244 2528 1308 praecise

322 1313 584 1375 definire,
606 1313 712 1365 nifi
731 1329 856 1365 non
874 1314 1076 1366 saltem
1090 1314 1446 1366 Altitudines
1460 1314 1655 1366 816118
1670 1314 2009 1375 obseruatae,
2031 1315 2372 1367 adamussim
2392 1331 2527 1367 con-

321 1385 547 1446 starent,
567 1385 664 1437 sed
683 1384 806 1449 ipsa
825 1401 1063 1450 quoque
1078 1385 1204 1436 Poli
1223 1385 1544 1437 sublimitas
1563 1385 1697 1437 satis
1715 1385 2044 1450 scrupulose
2058 1385 2350 1451 perspecta
2363 1386 2527 1448 foret,

323 1456 660 1522 impossibile
687 1456 778 1508 est.
805 1456 997 1508 Vtitur
1023 1456 1264 1521 quidem
1286 1455 1664 1508 Reisacherus
1691 1456 1803 1509 hac
1828 1457 1950 1521 ipsa
1969 1457 2163 1509 Polari
2183 1458 2525 1519 Altitudine,

323 1543 506 1593 quam
535 1528 1038 1593 Regiomontanus
1066 1527 1321 1592 protulit,
1354 1527 1450 1579 sed
1478 1531 1661 1579 miror
1689 1543 1798 1580 nec
1828 1528 2012 1589 illum,
2045 1544 2154 1580 nec
2183 1528 2334 1580 vllos
2363 1529 2528 1590 ali08,

323 1599 483 1664 quod
511 1598 705 1661 sciam,
739 1601 888 1651 inter
918 1594 938 1667 ΙΙ
966 1605 1051 1651 101
1077 1598 1429 1663 praestanteS‚
1464 1614 1615 1663 quos
1644 1602 1920 1651 continue
1949 1599 2156 1651 habuit
2183 1600 2528 1652 Viennensis

322 1671 652 1723 Academia
679 1669 1155 1731 Mathematic08‚
1190 1672 1317 1722 eius
1345 1672 1430 1721 rei
1459 1670 1788 1735 periculum
1818 1670 2016 1722 fecisse.
2049 1671 2226 1723 Anne
2258 1674 2339 1723 ita
2368 1671 2531 1723 decet

323 1758 433 1794 nos
452 1742 735 1794 seruiliter
754 1740 1014 1794 addictos
1034 1741 1291 1794 aliorum
1310 1741 1570 1806 prolatiS‚
1590 1748 1650 1793 vt
1670 1741 1821 1793 nihil
1839 1744 1902 1792 in
1921 1742 2014 1793 his
2030 1741 2253 1806 ipfimet
2269 1746 2528 1807 experia-

323 1829 473 1866 mur.
500 1813 654 1865 Fieri
678 1813 872 1878 potest‚
901 1813 1061 1878 quod
1080 1829 1185 1878 per
1205 1812 1405 1865 Solem
1425 1812 1792 1865 Solstitialem
1813 1813 2209 1865 eleuationem
2228 1812 2383 1865 hanc
2403 1814 2529 1865 Poli

323 1885 660 1937 vetustiores
670 1884 756 1936 illi
765 1884 1103 1937 Astronomi
1113 1884 1492 1949 inquifierint‚
1506 1883 1558 1935 &
1568 1884 1610 1935 fi
1621 1884 1710 1946 fic,
1722 1886 1821 1935 vix
1832 1884 2134 1949 praecisam
2144 1885 2528 1949 protulerunt.

324 1957 537 2021 Neque
559 1959 719 2008 enim
738 1956 1116 2008 Parallaxeos
1136 1959 1428 2008 rationem
1447 1954 1799 2016 habuerunt,
1821 1962 1923 2007 aut
1936 1955 1977 2007 fi
1993 1955 2052 2007 id
2072 1954 2291 2007 factum
2311 1956 2402 2017 est,
2424 1957 2528 2008 Re-

323 2026 670 2080 fradtionem
690 2034 859 2089 certe,
887 2043 1023 2092 quae
1043 2027 1107 2079 fit
1126 2030 1189 2079 in
1209 2027 1476 2079 Brumali
1496 2027 1844 2087 decliuitate‚
1872 2043 1996 2079 non
2014 2034 2441 2091 praecauerunt.
2469 2028 2530 2080 Si

323 2102 388 2151 in
415 2099 559 2151 locis
586 2098 847 2165 Solstitijs
874 2099 1237 2164 intermediis
1266 2099 1325 2151 id
1353 2097 1703 2159 factitarunt,
1734 2098 1809 2150 ob
1838 2105 2068 2150 motum
2094 2098 2246 2150 Solis
2274 2114 2399 2150 non
2424 2102 2529 2151 rite

324 2177 707 2235 compertum,
727 2173 926 2222 minus
946 2169 1142 2223 adhuc
1160 2170 1401 2236 scopum
1420 2173 1747 2235 attigerunt.

396 2242 612 2294 Decuit
637 2245 836 2307 itaque
856 2241 1271 2294 Reisacherum
1292 2257 1323 2294 e
1345 2241 1868 2306 circumpolaribus
1891 2241 2099 2302 stellis,
2126 2241 2337 2292 Polum
2356 2242 2530 2293 Vien-

324 2313 565 2365 nensem
582 2316 749 2378 prius
770 2314 1135 2375 examinasse,
1156 2320 1479 2378 antequam
1499 2313 1571 2365 de
1591 2312 1704 2365 hac
1718 2313 1900 2364 Noua
1916 2319 2107 2364 ratam
2124 2313 2530 2365 certitudinem

323 2384 600 2450 proferre,
620 2384 758 2437 sane
778 2386 1108 2437 attentasset.

397 2456 578 2508 Porro
593 2456 1049 2522 Longitudinem
1061 2455 1241 2508 huius
1256 2455 1451 2508 Stellae
1465 2455 1786 2507 secundum
1799 2454 2087 2507 Thaddaei
2100 2458 2299 2519 priora
2318 2455 2532 2519 placita

326 2527 402 2579 ad
421 2527 477 2579 se
497 2527 824 2593 perscripta,
847 2543 983 2592 quae
1003 2531 1066 2579 in
1086 2527 1244 2580 calce
1258 2526 1564 2591 subiungit,
1586 2527 1722 2578 dicit
1734 2526 1891 2577 fuisse
1906 2529 1969 2577 in
1982 2532 2126 2590 part.
2143 2526 2192 2578 6.
2207 2529 2349 2578 min.
2364 2526 2433 2577 24
2455 2529 2533 2587 b),

324 2598 424 2650 vbi
449 2599 694 2651 dimidio
720 2599 906 2664 gradu
932 2601 969 2650 a
994 2598 1167 2664 scopo
1195 2597 1403 2659 deficit,
1431 2598 1829 2649 Latitudinem
1849 2603 1993 2661 part.
2015 2597 2100 2649 53.
2121 2600 2263 2649 min.
2284 2598 2370 2658 49,
2399 2613 2534 2661 quae

326 2676 581 2734 quatuor
608 2669 812 2722 saltem
840 2669 1124 2734 scrupulis
1153 2668 1430 2722 abundat.
1463 2668 1576 2720 Sed
1602 2668 1716 2720 hoc
1744 2667 2072 2720 Reisacheri
2098 2668 2390 2732 Scriptum
2414 2669 2534 2720 suae

325 2743 614 2793 reiteratae
629 2741 870 2793 Dialexi
881 2739 1224 2793 subneciens
1237 2739 1593 2800 Thaddaeus,
1615 2738 1745 2791 1186
1765 2739 1947 2804 paulo
1962 2739 2130 2791 aliter
2143 2739 2432 2800 limitauit‚
2454 2743 2534 2791 ita

325 2819 387 2863 vt
399 2812 730 2877 Longitudo
744 2812 808 2863 fit
822 2815 885 2863 in
897 2818 1042 2876 part.
1058 2813 1107 2864 6.
1122 2814 1264 2863 min.
1280 2811 1337 2862 41
1358 2813 1414 2871 ὅ
1425 2851 1437 2871 ,
1459 2810 1732 2862 Latitudo
1745 2817 1890 2875 part.
1906 2811 1991 2871 54,
2014 2810 2318 2862 deficiente
2332 2811 2533 2862 saltem

326 2886 500 2935 vnico
526 2882 813 2947 scrupulo,
841 2883 964 2934 Illic
986 2882 1227 2947 quidem
1245 2885 1309 2933 111
1328 2881 1719 2946 Longitudine
1741 2882 1816 2933 ad
1836 2897 2045 2933 verum
2063 2884 2382 2934 terminum
2402 2897 2532 2946 pro-

326 2957 459 3019 pius
473 2953 710 3014 accedit,
728 2960 924 3018 vtpote
939 2954 995 3005 13
1009 2960 1241 3006 tantum
1254 2952 1537 3017 scrupulis
1551 2968 1710 3004 nunc
1722 2959 2102 3017 praeuertens,
2123 2956 2186 3004 in
2200 2953 2532 3004 Latitudine

325 3032 526 3077 tamen
554 3025 687 3090 plus
717 3040 900 3089 quam
925 3031 1102 3077 antea
1127 3025 1342 3085 deuiat,
1373 3023 1448 3075 ad
1476 3030 1749 3088 quartam
1777 3024 1897 3076 fere
1929 3024 2144 3089 gradus
2175 3030 2403 3088 partem
2437 3039 2531 3075 ex-

327 3097 535 3148 cessum
555 3099 940 3148 committens.

397 3168 494 3219 Ad
515 3183 649 3220 eam
664 3167 1035 3232 postmodum
1049 3182 1185 3231 quae
1199 3166 1526 3218 Vndecima
1538 3181 1790 3218 numero
1806 3166 1881 3218 est
1894 3165 2252 3217 minutulam
2264 3165 2532 3217 videlicet

329 3245 556 3302 quartae
581 3238 1020 3303 magnitudinis,
1048 3241 1143 3290 cui
1163 3238 1346 3289 Noua
1370 3239 1566 3289 vicina
1592 3243 1730 3298 erat,
1759 3239 1884 3288 eius
1910 3237 2109 3288 locum
2135 3243 2452 3301 comparat,
2480 3237 2531 3288 &

329 3325 401 3361 ex
422 3309 618 3362 816118
644 3309 751 3361 11111
773 3310 1171 3374 Coperniano,
1198 3307 1588 3360 Altitudinem
1608 3307 2010 3360 Meridianam
2029 3308 2279 3359 Viennae
2301 3307 2530 3372 colligit,

327 3387 474 3445 part.
496 3381 569 3433 19.
593 3378 628 3446 l.
650 3381 700 3441 2,
727 3381 825 3432 vbi
852 3381 927 3433 ob
954 3387 1077 3432 non
1104 3383 1209 3432 rite
1230 3378 1597 3431 verificatum
1618 3379 1778 3430 Fixae
1804 3378 2002 3430 locum
2028 3378 2243 3442 septem
2263 3378 2532 3442 scrupula

2396 3448 2529 3512 plus
