2976 4264
636 311 1521 368 PROGYMNASMATUM
1546 311 1862 367 TERTIA
1888 313 2093 367 PARS
2368 313 2472 367 265

264 455 317 508 &
337 455 616 520 quicquid
637 456 709 509 de
728 455 821 509 his
835 457 1079 526 Veritati
1098 459 1286 522 magis
1306 455 1631 508 consonum
1651 456 1824 509 astrui
1846 464 2038 521 queat,
2059 456 2471 509 substituimus:

264 530 719 592 operaepretium
738 543 863 580 non
882 528 1052 589 duco,
1073 528 1187 580 hoc
1207 528 1339 580 loco
1359 527 1626 593 pluribus
1646 527 1776 580 haec
1795 543 2056 580 mouere.
2082 527 2306 581 Sufficit
2325 528 2472 580 indi-

264 599 404 650 casse
431 598 608 663 plane
636 614 948 651 erroneam
974 599 1129 652 hanc
1156 600 1259 652 esse
1280 598 1529 665 Nolthij‚
1551 599 1623 650 de
1645 599 2032 652 Cometarum
2059 600 2290 651 essentia
2310 599 2362 651 8(
2381 614 2473 664 ge-

263 673 587 730 neratione,
608 669 970 732 sententiam,
991 686 1174 735 quam
1189 686 1262 723 ex
1275 669 1596 722 Aristotelis
1609 670 1952 723 stochasticis
1971 670 2173 723 saltem
2193 671 2474 736 dogmati-

192 759 214 793 5
262 740 373 793 bus
387 740 591 802 haufit,
607 740 660 793 8(
674 744 817 794 citra
829 741 1004 794 iustas
1018 744 1293 803 rationeS,
1309 757 1669 806 omnemque
1685 742 2123 806 Experientiam
2136 742 2475 807 vulgaribus

265 812 530 865 Cometis
554 812 766 877 saepius
792 813 1212 878 apparentibus
1237 813 1517 872 attribuit;
1544 819 1776 864 tantum
1801 812 1954 865 abest
1973 821 2034 865 vt
2053 813 2192 865 huic
2211 813 2474 874 insolitae,

263 883 631 936 miraculosae
652 883 704 935 8(
725 899 862 935 cum
883 884 1146 937 Cometis
1166 883 1315 948 ipHS,
1342 882 1494 935 nihil
1518 883 1639 936 fere
1659 900 1977 936 commune
2000 883 2242 936 habenti
2262 884 2474 945 Steuae,

265 961 571 1020 competat.
594 955 708 1007 Sed
727 954 858 1007 haec
879 955 951 1007 de
970 958 1164 1020 primo
1186 955 1395 1020 Capite
1415 954 1565 1007 satiS.

337 1025 491 1089 Quae
511 1025 726 1093 Capite
741 1025 1048 1088 SecundO,
1065 1026 1137 1078 de
1152 1042 1272 1091 qua
1284 1026 1671 1079 Cometarum
1684 1026 1886 1090 specie,
1902 1026 2016 1078 hoc
2027 1026 2477 1079 Phaenomenon

173 1114 216 1150 ιο
265 1097 620 1150 censendum
630 1097 709 1159 fit,
725 1097 927 1159 adfert,
939 1097 1225 1163 liquidem
1236 1113 1408 1162 aeque
1419 1097 1657 1149 infirmo
1668 1101 1931 1150 nitantur
1942 1098 2328 1150 fundamento
2341 1114 2477 1150 cum

264 1169 574 1234 prioribuS,
605 1168 1016 1222 collabascunt.
1047 1169 1160 1221 Etfi
1186 1172 1347 1221 enim
1373 1169 1493 1221 duo
1519 1176 1819 1234 ponantur
1846 1170 2232 1222 Cometarum
2260 1185 2478 1234 genera

147 1250 234 1293 752
265 1240 339 1292 ab
355 1235 375 1308 ΙΙ
389 1240 712 1301 Aristotele,
734 1241 986 1293 alterum
1001 1241 1314 1301 Crinitum,
1336 1240 1496 1305 quod
1509 1241 1892 1305 vndiquaque
1908 1241 2164 1293 Comam
2177 1243 2328 1302 iacit,
2347 1241 2476 1292 reli-

188 1323 217 1366 ·1·
267 1327 455 1376 quum
473 1327 615 1364 vero
637 1311 976 1373 Barbatum,
1004 1312 1164 1377 quod
1183 1315 1247 1364 in
1265 1327 1449 1364 vnam
1467 1311 1669 1364 saltem
1694 1319 1939 1376 partem,
1967 1313 2219 1364 eandem
2244 1319 2475 1377 proten-

266 1383 369 1435 dit:
387 1382 565 1447 Quod
577 1383 645 1445 8(,
657 1390 717 1435 vt
727 1383 1068 1448 plurimum,
1084 1399 1204 1448 quo
1219 1384 1296 1436 ad
1310 1386 1720 1448 apparentiam
1734 1382 1884 1436 rec‘te
1898 1383 1954 1436 se
1968 1383 2166 1436 habet:
2182 1384 2479 1435 Neutrum

175 1472 218 1507 15
266 1461 468 1507 tamen
487 1453 722 1516 horum,
744 1454 1003 1516 Stellam,
1025 1455 1097 1506 de
1118 1471 1238 1520 qua
1258 1457 1464 1520 agitur,
1485 1454 1952 1520 repraesentabat.
1981 1455 2142 1507 Nam
2161 1471 2270 1507 nec
2291 1458 2479 1507 crines

265 1525 416 1578 vllos
436 1529 499 1578 in
518 1526 781 1591 longum,
802 1542 911 1579 nec
932 1529 1326 1587 circumcirca,
1348 1526 1638 1587 exerebat,
1659 1526 1755 1578 sed
1774 1527 1949 1579 instar
1967 1529 2245 1592 genuinae
2266 1526 2478 1587 Stellae,

266 1597 521 1650 radianti
551 1597 778 1663 fulgore
808 1597 1166 1650 coruscabat:
1200 1597 1307 1650 nifi
1339 1600 1471 1662 quis
1499 1601 1819 1663 improprie
1849 1598 1901 1650 8(
1930 1597 2073 1650 falso
2102 1598 2299 1650 radios
2329 1597 2478 1658 11103,

268 1684 418 1733 quos
437 1668 720 1730 vibrabat,
743 1672 932 1721 crines
953 1668 1331 1721 circumfusos
1351 1669 1651 1734 appellare
1668 1669 1950 1721 voluisset:
1972 1669 2163 1733 ficque
2179 1669 2231 1720 8(
2246 1669 2481 1735 Syrium

269 1739 321 1792 8(
341 1740 575 1806 Lyram,
598 1740 979 1805 Capramque
1001 1740 1053 1792 8(
1073 1741 1223 1793 alias
1242 1740 1578 1793 illustriores
1599 1740 1807 1793 Stellas
1826 1741 2093 1793 radiante
2113 1740 2217 1792 suo
2236 1740 2479 1801 lumine,

173 1828 219 1864 20
269 1811 523 1864 crinosas
550 1812 671 1873 esse,
699 1815 832 1877 quis
856 1812 1261 1877 praetenderet.
1290 1811 1460 1864 Nihil
1480 1815 1641 1864 enim
1662 1812 1896 1877 prorsus
1919 1811 2049 1864 haec
2071 1812 2253 1863 Noua
2272 1812 2345 1864 ab
2366 1811 2481 1863 illis

268 1882 474 1944 distitit,
486 1883 582 1936 fed
592 1886 789 1948 potius
798 1883 1041 1936 luminis
1052 1886 1403 1936 intemerata
1412 1886 1663 1948 puritate
1674 1883 1726 1935 8(
1736 1883 2041 1948 splendore
2053 1883 2162 1935 has
2175 1883 2481 1948 aliquanto

267 1954 580 2019 superauit.
609 1955 774 2008 Citra
792 1955 1002 2007 iustam
1020 1957 1194 2021 igitur
1214 1955 1806 2020 correspondentiam,
1835 1955 2077 2007 Stellam
2098 1955 2254 2006 hanc
2273 1957 2345 2020 ijs
2367 1955 2480 2007 Co-

268 2029 455 2088 metiS,
477 2042 627 2091 quos
641 2026 976 2079 Aristoteles
993 2027 1252 2079 Crinitos
1265 2033 1454 2087 vocat,
1476 2029 1697 2091 quique
1713 2027 1970 2079 Comam
1982 2029 2046 2078 in
2060 2041 2268 2078 omnes
2288 2032 2481 2091 partes

269 2097 559 2163 spargunt,
586 2098 872 2159 assimilat;
900 2114 1038 2150 cum
1056 2098 1293 2150 nullum
1314 2098 1701 2150 Cometarum
1719 2098 2022 2163 vestigium
2041 2097 2137 2150 vel
2156 2100 2219 2149 in
2238 2097 2484 2162 longum

175 2187 222 2221 25
269 2168 366 2221 vel
379 2169 701 2221 rotundum
713 2170 1059 2234 expresserit:
1074 2185 1184 2221 nec
1195 2169 1379 2231 aliter,
1395 2185 1579 2234 quam
1589 2172 1864 2235 genuinae
1876 2170 2259 2221 Firmamenti
2271 2168 2482 2229 Stellae,

271 2240 442 2293 nobis
468 2240 742 2293 illuxerit.
770 2241 913 2293 Non
940 2241 1181 2305 quidem
1207 2240 1454 2302 inficior,
1482 2241 1610 2293 dari
1631 2241 1911 2294 Cometas
1934 2240 2157 2305 absque
2176 2239 2393 2300 barbae,
2420 2243 2483 2291 in

270 2326 454 2364 vnam
472 2318 717 2377 partem,
737 2315 1187 2376 proeminentia,
1208 2312 1328 2364 fiue
1348 2312 1407 2364 id
1427 2328 1531 2377 per
1545 2313 1816 2364 accidens
1830 2311 1948 2372 fiat,
1970 2312 2130 2376 quod
2144 2314 2207 2363 in
2221 2310 2482 2375 oppofito

273 2382 425 2435 Solis
434 2383 750 2444 versentur,
772 2384 1145 2448 caudamque
1159 2383 1358 2436 versus
1371 2383 1671 2449 superiora
1685 2384 1856 2435 nobis
1869 2381 2342 2448 inaspectabilem
2355 2397 2480 2433 ver-

272 2460 418 2507 tant:
431 2454 723 2519 fiuequod
734 2457 960 2516 reuera,
974 2455 1165 2507 cauda
1174 2455 1278 2507 illa
1287 2454 1552 2520 longiore
1565 2455 1959 2514 destituantur,
1972 2454 2067 2506 vel
2078 2453 2229 2505 adeo
2240 2460 2481 2505 tenuem

178 2541 225 2578 30
273 2524 548 2587 habeant,
568 2533 629 2578 vt
649 2525 901 2591 conspici
920 2533 1198 2591 nequeat:
1220 2541 1363 2578 nam
1381 2526 1433 2577 8(
1450 2526 1735 2578 eiusmodi
1750 2525 2026 2577 Cometes
2042 2540 2078 2576 a
2091 2525 2278 2584 nobiS‚
2300 2525 2481 2575 Anno

273 2596 418 2657 1585,
447 2596 647 2649 sedulo
677 2597 1018 2650 obseruatus
1048 2597 1139 2657 est,
1170 2599 1273 2661 qui
1301 2604 1423 2648 toto
1452 2597 1572 2648 suae
1602 2597 1929 2649 durationis
1955 2603 2218 2660 tempore
2247 2595 2482 2647 nullum

272 2667 531 2720 senfibile
545 2668 752 2720 caudae
766 2669 1052 2721 indicium
1065 2668 1415 2728 ostendebat,
1430 2667 1525 2720 sed
1538 2667 1909 2719 solummodo
1930 2670 2133 2727 rarior,
2146 2666 2308 2731 quafi
2321 2666 2482 2718 fibris

274 2738 622 2804 quibusdam
641 2739 887 2791 refertus
906 2742 1074 2791 iuxta
1093 2738 1624 2791 circumferentiam
1645 2741 1843 2799 extitit,
1864 2741 2182 2803 minusque
2196 2738 2313 2789 illic
2327 2738 2480 2789 luce-

273 2809 393 2862 bat:
415 2812 479 2861 in
497 2810 826 2862 meditullio
840 2825 982 2862 vero
998 2808 1354 2875 compactior
1368 2810 1420 2862 8(
1435 2809 1646 2862 clarior
1667 2810 2034 2862 cernebatur:
2056 2808 2481 2869 NihilominuS‚

179 2898 225 2933 35
274 2881 375 2933 sub
390 2880 504 2933 hac
516 2881 903 2933 Cometarum
913 2881 1115 2946 specie,
1131 2881 1261 2933 haec
1273 2881 1452 2933 Stella
1462 2897 1847 2945 nequaquam
1858 2881 2481 2946 comprehendebatur.

276 2953 420 3004 Non
446 2955 606 3004 enim
631 2968 784 3013 rar0,
810 2955 991 3013 tenui,
1020 2952 1072 3003 &
1098 2951 1342 3004 obscuro
1367 2952 1610 3013 lumine,
1639 2955 1791 3004 circa
1812 2959 2136 3004 extremam
2156 2967 2325 3004 oram
2344 2951 2483 3002 hinc

275 3024 429 3084 inde,
458 3023 846 3076 Cometarum
866 3023 1219 3075 eiuscemodi
1238 3023 1428 3084 instar,
1456 3026 1645 3075 crines
1673 3023 1914 3084 effinxit,
1940 3023 2036 3075 sed
2057 3039 2228 3087 aeque
2250 3022 2408 3075 claro
2431 3021 2483 3073 8(

275 3110 444 3159 pur0,
471 3101 593 3146 toto
621 3110 865 3159 corpore
891 3094 1149 3159 fulgebat
1174 3095 1422 3146 lumine:
1449 3110 1558 3147 nec
1584 3095 1730 3160 radij
1761 3096 1951 3155 emissi,
1980 3094 2164 3146 obtufi
2184 3094 2236 3146 8(
2258 3093 2483 3146 obscuri

277 3173 459 3226 erant,
480 3181 689 3218 verum
707 3165 1052 3217 scintillante
1073 3165 1419 3218 claritudine
1440 3166 1752 3231 conspicui.
1770 3166 1845 3218 Vt
1865 3182 1940 3217 ne
1962 3166 2201 3230 quidem
2220 3165 2337 3229 ipse
2351 3166 2482 3216 Ari-

276 3236 520 3297 stoteleS,
540 3237 582 3288 fi
600 3238 832 3297 vixisset,
853 3239 1003 3289 inter
1018 3237 1405 3289 Cometarum
1419 3253 1837 3302 quamcunque
1851 3237 2116 3302 speciem,
2137 3237 2293 3288 hanc
2313 3251 2482 3300 repu-

182 3323 230 3358 40
277 3314 402 3360 tare
422 3310 631 3360 merito
652 3308 982 3360 attentasset.

201 3388 230 3431 ·1·
352 3379 508 3431 Citat
528 3395 767 3444 quoque
787 3395 894 3444 pro
914 3378 970 3431 se
991 3379 1328 3444 Epigenem‚
1357 3382 1459 3444 qui
1480 3395 1552 3432 ex
1573 3379 1813 3432 Senecae
1837 3379 2138 3439 relatione,
2166 3382 2343 3431 etiam
2364 3379 2483 3430 duo

422 3461 466 3495 ³4
2098 3451 2484 3503 Cometarum
