2976 4264
467 316 572 367 326
969 310 1578 363 ASTRONOMIAE
1604 308 2170 362 INSTAURATAE

515 455 567 490 da
590 454 666 489 100.
688 451 1019 488 declinationum
1038 451 1183 487 tabula
1200 451 1253 486 ad
1270 451 1433 496 singula

514 501 675 536 minuta
711 501 786 535 101.
819 498 999 543 partium
1033 498 1289 535 ascensiones
1322 509 1433 534 com-

513 547 687 593 putandi
717 547 869 582 modus
903 547 978 581 101.
1011 546 1097 581 Poli
1124 545 1248 581 index
1273 545 1434 581 stellula

513 595 556 630 in
573 596 777 634 Dracone,
797 593 974 638 eiusque
995 594 1124 638 Long.
1145 594 1180 628 &
1200 593 1284 628 Lat.
1304 593 1433 638 tripli-

513 642 610 678 citer
631 641 871 686 investigata

468 688 715 725 Ecclefiastae
735 688 855 724 locus

467 736 568 771 Eliae
589 734 815 779 Camerarij
839 735 890 770 de
911 745 1022 770 nova
1042 734 1155 771 stella

468 783 579 819 Elias
601 782 695 818 Olai
716 782 885 818 Cimber

467 831 567 866 Eliae
588 829 767 865 Rabbini
786 828 1032 865 vaticinium

467 878 731 914 Embecensis
753 876 840 912 Poli
861 876 1036 912 altitudo

466 925 771 971 Epaminondae
792 924 920 960 Chria

467 972 764 1018 Ephemerides
786 971 830 1007 in
851 974 966 1007 motu
988 971 1097 1007 Solis

467 1019 664 1066 Epigenis
685 1017 886 1055 distinecio
907 1020 1177 1055 Cometarum

466 1068 656 1103 Erasmus
675 1067 936 1103 Reinholdus
958 1066 1097 1102 iunior
1117 1067 1168 1103 de
1189 1077 1300 1103 nova
1320 1067 1434 1103 stella

467 1115 663 1151 Erfordiae
679 1114 853 1150 altitudo
867 1114 954 1159 poli
968 1115 1138 1150 701.769.
1153 1126 1203 1151 ea
1217 1113 1434 1152 εστι-861101·

467 1161 681 1208 Evangelii
703 1163 823 1198 locus

467 1209 736 1256 Experientiae
757 1209 1077 1255 obloquentium
1097 1209 1306 1246 temeritas

967 1291 1017 1334 F

466 1352 679 1388 Fabricius
710 1352 760 1388 de
790 1363 900 1388 nova
932 1352 1045 1388 118113
1077 1353 1157 1388 528.
1190 1353 1434 1389 monstrosas

513 1402 650 1436 movet
669 1399 919 1445 suspiciones
940 1400 992 1436 de
1013 1401 1117 1436 caelo

466 1447 792 1483 Firmamentum
813 1447 916 1492 quid
935 1447 979 1482 in
999 1447 1122 1484 sacris
1142 1447 1271 1484 literis

466 1495 677 1531 Fortitudo
698 1506 752 1530 an
774 1495 1024 1540 Philosopho
1045 1495 1267 1532 necessaria

466 1542 740 1578 Fracastorius
751 1543 832 1578 459.
856 1542 949 1578 eius
963 1543 1276 1580 homocentrica
1287 1541 1435 1580 reiecta

512 1591 592 1625 601.
607 1590 658 1625 de
674 1590 830 1626 accessu
843 1591 877 1625 ἃ
888 1591 1039 1627 recessu
1055 1590 1263 1626 stellarum
1275 1591 1435 1627 somnia

465 1637 705 1674 Franciscus
725 1638 913 1673 Valesius
933 1639 1013 1674 572.
1037 1638 1129 1674 eius
1149 1639 1244 1674 laus

466 1684 722 1721 Francosurti
749 1686 802 1721 ad
829 1686 1010 1721 Oderam
1038 1686 1212 1722 altitudo
1240 1686 1327 1722 Poli
1353 1687 1433 1722 693.

513 1732 642 1768 dubia

465 1780 611 1825 Frigus
632 1780 878 1816 autumnale
899 1780 1001 1816 anni
1025 1782 1125 1817 1572.

466 1827 726 1911 Fruefiiburgi
747 1828 816 1864 aet
834 1828 1027 1864 turbidus
1053 1830 1128 1865 104.
1154 1828 1327 1865 altitudo
1347 1829 1435 1874 poli

513 1886 561 1911 ca
594 1875 706 1920 igata

466 2016 640 2053 Galaxia
661 2017 764 2063 quid

466 2065 645 2100 Gemma
665 2065 815 2101 Frifius
837 2065 888 2101 de
909 2065 1203 2102 Declinatione
1225 2066 1312 2102 Poli

466 2112 824 2148 Geometricarum
871 2113 1271 2150 demonstrationum
1318 2114 1433 2150 certi-

512 2160 614 2195 tudo

466 2207 587 2243 Geor.
608 2207 771 2252 Buschij
793 2207 992 2244 sententia
1012 2208 1063 2244 de
1084 2219 1194 2245 nova
1214 2208 1327 2245 118113

464 2254 705 2291 Germanici
726 2255 898 2291 Caesaris
919 2256 1039 2292 locus

464 2302 627 2338 Globus
648 2302 818 2338 caelestis
838 2303 1108 2348 Tychonicus

465 2350 701 2385 Gnomonis
740 2350 903 2387 lubrica
940 2350 1043 2387 ratio
1081 2352 1161 2387 632.
1210 2351 1432 2388 necessaria

512 2396 650 2433 cautio

465 2444 694 2480 Graminaei
714 2445 978 2490 reprehensio

465 2491 752 2528 Guilandinus
772 2496 961 2538 portenta
980 2493 1084 2529 ridet

465 2539 720 2575 Guilielmus
742 2540 938 2577 Postellus
959 2541 1010 2576 de
1031 2551 1142 2577 nova
1162 2541 1275 2577 stella

960 2622 1027 2666 H.

465 2681 714 2727 Heliotropij
738 2685 887 2718 natura

465 2729 677 2766 Henricus
698 2730 934 2767 Ranzovius

466 2776 751 2822 Herritzwadij
776 2778 950 2815 altitudo
969 2778 1055 2824 poli

465 2824 740 2860 Hieronimus
760 2826 941 2862 Wolfius
1350 2829 1432 2864 359.

466 2872 851 2917 Hierosolymorum
873 2873 1061 2910 interitus
1082 2875 1207 2920 quale
1228 2875 1392 2920 lignum

465 2919 736 2964 Hipparchus
762 2922 819 2956 32.
850 2922 926 2957 138.
946 2923 1027 2957 234.
1047 2923 1128 2958 253.
1148 2923 1228 2958 319.
1250 2924 1330 2958 320.
1351 2924 1431 2959 741.

511 2967 603 3002 eius
624 2971 724 3003 aetas
744 2969 824 3003 320.
846 2968 959 3005 stella
979 2969 1117 3015 qualis

466 3014 645 3050 Historia
665 3026 760 3060 quae
782 3016 1012 3053 durabilior

466 3061 691 3098 Homelius
1357 3066 1437 3101 671.

466 3109 651 3153 Homelij
677 3110 887 3146 observata

467 3157 679 3193 Homerus
700 3158 751 3193 de
772 3158 864 3194 caeli
884 3158 1050 3195 essentia

467 3204 792 3241 Homocentrica
811 3207 891 3241 459.
912 3205 1060 3243 reiecta

467 3251 699 3297 Horologia
724 3252 998 3289 inconstantia
1024 3265 1153 3300 quare
1184 3255 1260 3290 148.
1288 3254 1432 3291 incon-

514 3298 668 3334 stantiae
689 3304 983 3345 argumentum

468 3347 665 3381 Huennae
690 3347 758 3382 seu
781 3348 1033 3394 Vraniburgi
1059 3349 1236 3385 elevatio
1263 3349 1350 3385 Poli
1376 3351 1432 3385 28.

518 3395 569 3429 14.
592 3394 826 3439 Longitudo

1460 641 1530 675 210

1460 688 1529 723 574

1459 736 1529 771 693

1483 783 1529 818 34

1459 831 1530 866 719

1459 878 1530 913 755

1459 926 1525 961 621

1483 974 1530 1008 28

1459 1021 1530 1056 752

1459 1069 1530 1104 699

1460 1116 1530 1151 770

1460 1164 1530 1199 327

1461 1212 1530 1246 235

1461 1402 1531 1437 530

1461 1450 1531 1485 637

1459 1497 1530 1532 690

1460 1592 1530 1627 599

1460 1640 1530 1675 577

1459 1735 1529 1770 695

1460 1783 1530 1818 645

1485 1878 1530 1913 34

1460 2021 1529 2055 553

1459 2068 1529 2103 559

1459 2163 1529 2197 412

1459 2210 1529 2246 765

1459 2258 1529 2293 310

1458 2306 1527 2341 274

1458 2401 1528 2436 633

1458 2448 1528 2484 780

1458 2496 1528 2531 537

1458 2544 1528 2579 716

1458 2686 1528 2721 747

1458 2734 1528 2768 614

1458 2781 1524 2816 351

1459 2829 1528 2864 534

1456 2876 1526 2912 330

1457 2971 1528 3006 320

1458 3019 1528 3054 309

1458 3066 1528 3101 630

1458 3114 1523 3149 631

1459 3161 1529 3196 620

1487 3209 1528 3243 12

1459 3303 1528 3338 503

1486 3397 1528 3432 13

1604 448 1767 495 Hygini
1786 450 1907 485 locus
2597 450 2668 485 728

1603 497 1910 542 Hypothesium
1930 496 2175 532 formaetres
2598 497 2668 532 437

1605 545 1858 590 Hypothelis
1880 543 2095 589 Tychonis
2117 543 2332 589 descriptio
2491 545 2572 579 440.
2598 544 2668 579 477

2116 626 2154 669 Ι.

1605 686 1784 723 Iacobus
1806 685 2041 722 Florentius
2598 687 2667 722 274

1604 733 1791 770 Ieremiae
1811 734 1931 770 locus
2598 734 2669 769 713

1604 781 1718 827 Ignis
1731 781 1903 827 Sphaera
1917 778 2065 817 reieeta
2077 781 2134 816 91.
2149 782 2230 817 628.
2241 782 2298 817 92.
2313 780 2387 817 ubi
2402 780 2575 826 incipiat
2599 781 2669 817 739

1604 829 1764 865 Iliadus
2597 829 2667 864 583

1604 878 1694 912 Ima
1724 876 1844 912 inum
1853 875 2076 913 caelestium
2089 887 2144 911 an
2156 875 2371 922 aliquavis
2382 876 2464 912 712.
2476 886 2573 912 con-

1650 924 1680 959 fi
1719 935 1812 960 ores
1839 923 1913 970 qui
1938 924 2019 959 779.
2047 923 2286 960 Borealium
2313 922 2575 969 mythologia

1649 972 1881 1008 secundum
1902 970 2191 1007 Graminaeum
2597 971 2668 1007 778

1604 1019 1815 1064 Imagines
1848 1018 2027 1055 caelestes
2060 1029 2115 1054 an
2147 1019 2356 1055 occultam
2394 1018 2572 1064 philoso-

1650 1066 1796 1112 phiam
1817 1065 2060 1103 contineant
2599 1066 2670 1101 778

1604 1114 1802 1160 Impostor
1816 1114 1990 1160 quidam
2001 1113 2241 1159 Astrologus
2256 1114 2307 1150 de
2322 1124 2432 1150 nova
2447 1113 2574 1150 Stella
2599 1114 2670 1149 785

1604 1161 1911 1198 Incarnationis
1932 1161 2185 1198 miraculum
2599 1161 2670 1196 745

1605 1209 1879 1245 Instrumenta
1904 1208 2149 1245 Astronomo
2175 1208 2398 1245 necessaria
2419 1209 2500 1245 335.
2527 1219 2574 1244 ex

1651 1268 1736 1303 quo
1749 1256 1867 1303 ligno
1881 1256 2075 1293 facienda
2088 1257 2168 1292 338.
2189 1267 2318 1302 parva
2331 1254 2479 1292 reiecta
2492 1256 2574 1292 335.

1651 1305 1866 1351 quomodo
1892 1304 2177 1349 comparanda
2202 1305 2259 1340 68.
2290 1306 2448 1350 quanta
2477 1314 2574 1340 cau-

1649 1352 1763 1388 tione
1788 1352 1988 1397 paranda,
2014 1351 2320 1388 observationes
2346 1362 2442 1397 quae
2463 1350 2573 1396 capi-

1651 1400 1772 1436 endae
1792 1400 1872 1435 635.
1892 1402 2079 1435 veterum
2098 1402 2233 1435 taxata
2603 1399 2669 1433 140

1605 1448 1975 1484 Instrumentorum
1987 1446 2270 1482 multitudinis
2282 1447 2404 1483 causa
2419 1448 2472 1482 15.
2487 1457 2573 1482 ma-

1653 1495 1827 1541 gnitudo
1857 1494 2053 1540 quorsum
2085 1494 2200 1530 utilis
2233 1496 2312 1530 623.
2346 1493 2562 1540 Tychonis

1651 1545 1876 1588 apparatus
1897 1543 1977 1578 250.
1998 1553 2144 1578 eorum
2166 1541 2334 1578 historia
2598 1547 2670 1582 335

1604 1590 1809 1627 Ioachimi
1830 1589 1992 1626 abbatis
2012 1589 2211 1626 vaticinia
2598 1594 2669 1630 776

1604 1637 2573 1683 IoannesDeeAnglus662.deprocreationeCo-

1650 1689 1856 1721 metarum
1870 1686 1951 1721 645.
1972 1685 2064 1721 eius
2084 1685 2178 1721 laus
2196 1685 2277 1721 690.
2297 1687 2574 1730 repraehenfio
2600 1689 2670 1725 650

1605 1734 1819 1769 Iohannes
1831 1732 2007 1778 Baptista
2018 1730 2266 1769 Benedictus
2278 1733 2358 1768 737.
2374 1733 2465 1770 eius
2480 1736 2573 1781 Epi-

1650 1781 1751 1817 stola
1771 1781 1825 1816 ad
1843 1779 2099 1816 Annibalem
2120 1780 2406 1817 Raimundum
2599 1784 2670 1820 738

1604 1830 1786 1865 Ioannes
1808 1827 2026 1863 Praetorius
2599 1832 2669 1867 636

1605 1877 1787 1912 Ioannes
1808 1875 2008 1911 Pratenfis
2599 1879 2670 1914 578

1605 1922 1778 1960 Ioannis
1800 1924 1922 1959 Penoe
1943 1923 1994 1958 de
2015 1922 2119 1959 8810
2139 1921 2339 1959 sententia
2516 1926 2573 1961 92.
2599 1927 2670 1962 640

1605 1972 1822 2007 Iosrancus
1843 1970 2027 2006 Offufius
2599 1974 2669 2009 472

1603 2020 1726 2055 Iocus
1747 2018 1792 2054 in
1813 2017 2080 2053 Haffnienses
2600 2021 2670 2057 578

1603 2068 1726 2102 Iocus
1748 2066 1799 2102 de
1818 2066 1980 2101 Venere
2603 2069 2670 2105 153

1603 2115 1727 2150 Iocus
1748 2114 1924 2150 acerbus
2597 2117 2667 2152 304

1603 2163 1726 2198 Iocus
1742 2161 1786 2196 in
1799 2159 1996 2206 pifiorem
2011 2160 2063 2196 de
2077 2170 2188 2196 nova
2202 2159 2315 2197 118113
2328 2160 2571 2198 scribentem
2598 2164 2668 2200 768

1603 2211 1731 2254 Ioppe
2597 2211 2668 2247 308

1603 2256 1802 2301 Iosephus
1823 2255 1993 2291 ludaeus
2013 2256 2094 2291 309.
2114 2254 2206 2291 eius
2226 2256 2322 2291 laus
2597 2259 2668 2294 718

1602 2304 1801 2349 Iosephus
1822 2302 2006 2348 Scaliger
2597 2307 2668 2342 719

1602 2352 1801 2387 Italorum
1822 2351 1873 2386 de
1893 2361 2004 2386 nova
2024 2349 2137 2386 stella
2157 2350 2397 2388 eommunis
2417 2351 2563 2398 opinio
2597 2354 2668 2390 728

1602 2398 1735 2435 Iudaei
1755 2399 1981 2434 abhorrent
2000 2398 2052 2433 ab
2074 2397 2333 2444 imaginibus
2597 2401 2668 2437 779

1602 2446 1858 2492 Iuglandum
1879 2448 2029 2481 natura
2596 2449 2668 2485 338

1602 2587 1895 2634 Landgrauius
1915 2587 2018 2623 fixas
2039 2598 2124 2634 quo
2143 2591 2328 2633 tempore
2345 2588 2498 2635 ceperit
2510 2601 2570 2626 re-

1649 2635 1810 2672 stituere
1835 2637 1916 2672 616.
1942 2635 2034 2671 eius
2062 2635 2372 2673 commendatio
2394 2637 2476 2673 274.
2502 2637 2570 2673 de-

1648 2684 1777 2719 senlio
1803 2684 1884 2719 635.
1911 2683 2040 2727 literae
2060 2683 2114 2719 ad
2135 2684 2363 2720 Peucerum
2382 2683 2469 2720 f599.
2490 2685 2571 2721 612.

1648 2731 1693 2767 in
1714 2731 1899 2767 Cometae
1920 2731 1994 2766 situ
2015 2741 2127 2767 error
2145 2731 2260 2767 unde
2279 2731 2359 2767 598.
2377 2732 2458 2768 603.
2478 2731 2571 2768 eius

1649 2778 1852 2815 excusatio
1890 2779 1970 2814 504.
2018 2778 2324 2814 observationes
2362 2778 2571 2815 stellarum

1649 2826 1903 2872 quantulum
1926 2829 2099 2871 peccent
2117 2826 2198 2862 274.
2218 2826 2299 2861 494.
2326 2826 2571 2863 observatio-

1649 2885 1724 2909 nes
1751 2884 1873 2910 novae
1898 2873 2022 2909 118118
2043 2884 2068 2909 3
2087 2873 2322 2909 Reinholdo
2346 2874 2571 2919 publicatae

1648 2922 1728 2958 700.
1761 2922 1796 2956 ἃ
1829 2920 2020 2965 Henzelij
2055 2920 2388 2957 observationum
2426 2921 2570 2958 discre-

1647 2968 1791 3014 pantia
1804 2969 1861 3004 76.
1883 2968 2135 3004 observantis
2150 2967 2317 3004 historia
2330 2970 2410 3005 635.
2432 2970 2569 3006 calcu-

1647 3017 1715 3052 lus
1736 3016 1860 3052 118118
1879 3017 1960 3051 495.
1991 3015 2356 3052 instrumentorum
2377 3015 2571 3054 εστι-845110
2595 3018 2666 3053 614

1602 3063 1754 3100 Leonis
1775 3063 1912 3100 cordis
1932 3062 2161 3099 observatio
2182 3063 2393 3099 Ptolemaei
2619 3065 2661 3100 41

1602 3110 1906 3157 Lichtenbergij
1930 3110 2128 3147 vaticinia
2595 3112 2666 3148 776

1603 3159 1747 3204 Lipliae
1768 3158 1943 3194 altitudo
1963 3158 2051 3194 Poli
2070 3158 2151 3194 630.
2172 3169 2222 3194 83
2239 3157 2375 3195 verior
2596 3160 2661 3195 631

1602 3206 1831 3242 Literarum
1851 3205 2128 3251 repraehenfio
2595 3207 2665 3242 304

1602 3254 1760 3290 Locum
1782 3253 1905 3289 118118
1927 3253 2029 3299 quid
2048 3256 2199 3290 vocent
2217 3252 2451 3290 Astronomi
2594 3254 2666 3290 368

1602 3302 1760 3338 Locum
1780 3300 1905 3336 118118
1926 3300 1970 3336 in
1992 3300 2191 3346 Ecliptica
2210 3312 2257 3336 ex
2277 3301 2357 3336 AR.
2383 3302 2418 3337 ἀ
2443 3300 2569 3337 decli-

1649 3348 1819 3384 natione
1851 3348 2124 3394 computandi
2157 3349 2309 3384 modus
2341 3348 2569 3385 secundum

1648 3396 1897 3432 Thaddeum
2595 3396 2665 3431 522

2440 3444 2664 3496 Locum

2970 1095 2976 1182 .--..-
2968 923 2976 1082 —=-.--—.2.-
2970 886 2976 906 .-
2971 782 2976 873 .....,.,..
2972 767 2976 772 .
2971 740 2976 744 «
2974 635 2976 638 .
