2976 4264
541 350 645 402 370

569 578 741 612 STEED
813 576 877 610 ER

1090 552 1490 587 DENOMINATIO
1513 551 1836 587 STELLARUM

951 682 1209 725 Australis

950 753 1260 796 Praecedens
1282 754 1510 796 duarum
1531 751 1668 794 infra
1688 763 1872 795 ensem

951 824 1185 878 Sequens
1206 824 1434 866 duarum
1455 823 1593 866 infra
1612 823 1799 865 Ensem

951 895 1153 938 Lucida
1172 895 1226 937 in
1246 895 1447 938 sinistro
1468 895 1619 949 pede,
1643 894 1793 949 Regel

951 965 1084 1017 Quae
1105 966 1157 1008 in
1177 966 1372 1009 finistro
1394 967 1650 1009 calcaneo

950 1036 1083 1088 Quae
1103 1037 1155 1079 in
1177 1038 1294 1080 sura
1315 1037 1493 1080 sinistri
1511 1037 1660 1091 pedis

949 1108 1007 1150 In
1028 1120 1163 1163 genu
1185 1110 1372 1152 dextro

949 1179 1082 1231 Quae
1122 1180 1368 1223 ultimam
1409 1179 1570 1223 baltei
1609 1178 1864 1233 praecedit
1906 1178 1974 1220 ad

1008 1254 1168 1294 austr.

948 1321 1081 1372 Quae
1097 1323 1165 1365 ad
1181 1323 1402 1366 dorsum
1417 1325 1495 1365 est
1509 1321 1649 1364 hanc
1661 1321 1973 1375 praecedens

947 1393 1109 1436 Duar.
1152 1394 1306 1448 supra
1344 1392 1686 1436 manubrium
1725 1392 1863 1435 ensis
1898 1404 1973 1435 se-

1006 1476 1172 1518 quens

947 1535 1079 1587 Quae
1102 1536 1256 1591 supra
1275 1536 1415 1579 hanc
1436 1535 1591 1590 praeit

946 1607 1079 1658 Quae
1102 1608 1256 1662 supra
1275 1607 1415 1650 hanc
1436 1607 1489 1649 in
1510 1606 1719 1650 sinistro
1740 1607 1905 1650 latere

945 1677 1078 1729 Quae
1102 1678 1242 1721 hanc
1263 1678 1416 1733 praeit
1435 1678 1573 1721 infra
1593 1678 1687 1721 sin.
1711 1678 1894 1721 brach.
1917 1677 1970 1720 in

1004 1750 1149 1804 Clyp.

943 1821 1253 1864 Praecedens
1274 1821 1503 1864 duarum
1522 1821 1576 1863 in
1596 1821 1784 1864 dextro
1805 1821 1969 1864 latere

944 1891 1178 1945 Sequens

944 1962 1191 2006 Informis
1211 1963 1351 2006 hanc
1373 1974 1599 2017 sequens

943 2033 1193 2088 Superior
1210 2033 1371 2076 trium
1390 2034 1443 2076 in
1463 2034 1665 2078 sinistra
1685 2046 1849 2077 manu

944 2104 1121 2147 Media

832 2192 845 2215 1
941 2175 1198 2219 Australis

942 2246 1101 2290 Infor.
1131 2248 1319 2290 decem
1347 2259 1459 2302 sup.
1484 2248 1626 2291 Orio.
1655 2247 1966 2302 praecedens

999 2317 1148 2361 infer.

940 2388 1175 2442 Sequens

941 2459 1074 2510 Quae
1096 2460 1250 2514 supra
1270 2460 1411 2504 hanc

939 2531 1168 2574 Praeced.
1198 2531 1472 2574 australior
1496 2532 1576 2574 tri.
1605 2531 1657 2574 in
1683 2543 1788 2575 rec.
1817 2532 1865 2575 li.
1894 2531 1966 2574 in—

998 2601 1080 2644 fra
1100 2603 1263 2656 pedes
1287 2603 1336 2659 ][

940 2673 1117 2715 Media

939 2743 1170 2787 Borealis

938 2814 1070 2865 Quae
1091 2815 1228 2858 infra
1249 2816 1334 2858 lin.
1356 2814 1558 2859 recstam
1579 2816 1648 2859 ad
1667 2816 1921 2859 Austrum

937 2885 1070 2937 Quae
1091 2887 1246 2940 supra
1266 2887 1405 2930 hanc
1428 2887 1497 2930 ad
1518 2887 1707 2930 Ortum

936 2957 1079 2999 Infra
1088 2957 1287 3000 Canem
1297 2958 1486 3001 minor.
1499 2958 1727 3001 duarum
1735 2958 1965 3012 praeoed.

936 3028 1170 3081 Sequens
1191 3029 1483 3071 earundem

1268 3159 1619 3202 ERIDANVS.

935 3240 1068 3291 Quae
1095 3242 1164 3283 ad
1191 3241 1317 3284 finis.
1346 3242 1463 3295 ped.
1495 3242 1641 3286 Orio.
1662 3242 1714 3284 in
1739 3241 1957 3296 princip.

992 3311 1135 3367 fluuij

934 3382 1103 3435 Supra
1123 3383 1317 3436 pedem
1339 3383 1548 3426 Orionis
1567 3383 1620 3426 in
1640 3383 1804 3426 fluuio

2012 506 2288 561 Longitud.

2024 576 2270 635 stalM.

2020 678 2069 734 ][
2110 683 2161 726 17
2199 683 2282 730 27}

2019 749 2068 805 Π
2109 755 2162 798 16
2199 754 2257 797 20

2018 820 2067 876 ][
2108 825 2161 868 18
2198 825 2255 868 23

2184 2602 2244 2999 *⁶&Qgg'000

2118 2602 2149 3069 assiam->ma

2213 2957 2265 3071 0ss

2094 3027 2111 3069 μ

2002 3235 2240 3292 Π94Ο

2001 3376 2239 3433 11942

783 345 1306 399 STELLARUM
1334 344 1959 398 INERRANTIUM
1987 341 2504 396 RESTITUTIO

2376 825 2435 868 30
2471 824 2529 868 38

2790 1543 2832 1578 15

2784 1898 2830 1934 20

2780 2254 2827 2289 25

2776 2965 2823 3000 35
