2976 4264
697 299 1576 354 PROGYMNASMATUM
1602 299 1916 352 TERTIA
1943 300 2146 353 PARS
2434 300 2524 352 143

325 445 429 496 esse
449 459 573 495 non
591 445 795 508 potuit.
818 442 986 494 Nihil
1006 445 1166 495 enim
1186 443 1537 495 eiuscemodi
1557 442 1846 495 adhaefisse
1867 442 1984 507 ipfi,
2007 443 2317 494 oculorum
2333 442 2527 494 sensus

219 555 222 558 >
325 515 629 568 euidenter
647 514 1015 566 testabantur.
1037 514 1250 578 Neque
1271 517 1431 566 enim
1449 521 1572 566 tam
1593 517 1816 579 egregie
1836 514 2190 574 scintillasset,
2212 514 2526 577 radiosque

251 747 273 780 5

231 1101 274 1136 10

204 1164 291 1207 629

232 1458 273 1492 15

227 1814 273 1849 20

227 2254 272 2288 25

229 2669 275 2703 30

230 3025 276 3059 35

231 3378 277 3413 40

322 586 647 651 pellucidos
672 584 811 637 hinc
837 585 974 638 inde
994 585 1271 646 vibrasset,
1291 585 1333 636 fi
1353 585 1609 637 crinibus
1634 601 1800 637 more
1822 585 2223 645 Cometarum,
2251 584 2527 636 obuelata

322 657 517 709 fuisset.
548 657 753 709 Nimia
779 659 957 709 etiam
982 659 1248 717 remoti0,
1279 656 1714 709 excusationem
1742 656 1839 708 hic
1867 656 2249 708 sufficientem
2278 671 2401 707 non
2427 656 2526 707 ad-

322 728 445 780 fert.
468 728 629 780 Nam
645 728 1043 792 vndiquaque‚
1063 734 1187 779 tota
1206 728 1533 789 duratione,
1555 727 1734 780 Stella
1753 727 1883 779 haec
1904 743 2111 792 expers
2131 730 2402 779 omnium
2422 730 2525 778 cri-

322 803 492 852 nium
517 798 851 864 permanfit:
882 799 935 851 &
960 805 1021 850 vt
1044 805 1105 850 vt
1129 799 1597 864 magnitudinem
1623 806 1798 863 atque
1826 799 2086 851 colorem
2114 800 2368 859 mutarit,
2399 814 2525 862 per-

322 878 501 936 petuo
532 877 733 923 tamen
764 870 942 922 alicui
974 885 1006 921 e
1039 870 1274 922 Mundo
1308 873 1527 922 coaeuis
1558 870 1851 922 fiminima
1882 870 2195 922 visebatur:
2230 869 2525 933 nullisque

321 957 587 1007 vnquam
619 941 780 993 fibris
807 941 903 993 vel
934 942 1286 1002 tenuissimiS,
1318 944 1381 993 in
1412 941 1595 994 vllam
1627 947 1854 1006 partem
1886 941 2232 1001 extantibuS,
2267 940 2526 992 obnoxia

321 1013 444 1066 fuit.
468 1013 843 1152 Quaprqlpter
862 1012 934 1064 de
955 1028 1044 1073 e0,
1067 1012 1226 1077 quod
1245 1028 1558 1077 nunquam
1577 1015 1640 1064 in
1659 1012 1781 1077 ipsa
1801 1015 2088 1077 apparuit,
2109 1011 2431 1064 frustranea
2451 1011 2526 1063 est

323 1085 678 1136 asseueratiO.

396 1155 574 1219 Quod
593 1157 790 1220 ignem
809 1154 1071 1219 aliquem
1089 1154 1406 1206 mirificum
1425 1154 1581 1206 fuisse
1601 1154 1945 1215 subdubitat,
1967 1162 2123 1207 caret
2139 1154 2283 1206 iusta
2299 1156 2526 1206 ratioci-

322 1229 580 1279 natione.
603 1225 901 1290 Quicquid
919 1228 1079 1277 enim
1094 1226 1273 1287 ardet,
1294 1228 1358 1277 in
1370 1233 1654 1291 perpetua
1666 1229 1930 1278 materiae
1946 1226 2387 1290 consumptione
2402 1241 2526 1276 ver-

322 1298 492 1358 satur,
519 1304 948 1362 proptereaque
973 1296 1198 1361 semper
1223 1313 1449 1349 nouam
1475 1300 1709 1362 appetit,
1736 1313 1930 1362 neque
1957 1298 2059 1349 diu
2078 1300 2140 1348 in
2161 1297 2370 1348 eodem
2396 1296 2526 1347 loco

324 1369 376 1421 &
401 1369 524 1429 fitu,
551 1368 657 1420 nifi
675 1368 963 1420 violenter
988 1368 1306 1429 detentum,
1334 1368 1596 1420 confistit:
1625 1368 1821 1420 Multo
1847 1371 2045 1420 minus
2065 1375 2124 1419 vt
2150 1368 2282 1432 plus
2302 1371 2526 1432 integro

323 1456 502 1500 anno,
529 1439 894 1504 rapidissimae
915 1439 1183 1490 Vniuerli
1208 1439 1584 1500 reuolutioni,
1612 1440 1873 1504 quotidie
1897 1439 2315 1499 obsecundanS‚
2342 1442 2404 1490 in
2431 1454 2525 1490 eo-

322 1512 457 1564 dem
476 1510 710 1576 prorsus
729 1510 861 1562 loco
881 1517 1268 1575 permaneret.

392 1583 616 1635 Verum
650 1581 781 1634 haec
813 1584 967 1633 circa
997 1584 1247 1633 iunioris
1278 1582 1519 1633 Peuceri
1550 1581 1905 1646 propositam
1937 1581 2318 1646 quaestionem
2349 1587 2524 1645 atque

320 1654 459 1706 huic
480 1656 878 1706 intermixtam
896 1652 1257 1714 sententiam,
1279 1668 1461 1717 quam
1482 1654 1704 1717 absque
1725 1653 1905 1704 dubio
1923 1669 1960 1705 a
1975 1659 2217 1717 parente
2237 1651 2441 1712 haufit,
2462 1651 2525 1703 fit

320 1726 577 1778 breuiter
590 1724 955 1789 disquifiuisse
965 1724 1114 1776 satis.
1130 1725 1308 1776 Nunc
1319 1724 1786 1788 introspiciamus
1798 1724 1939 1788 quid
1947 1724 2335 1789 Wolfgangus
2344 1723 2524 1775 Schu-

321 1797 496 1858 lerus,
524 1812 596 1848 ex
618 1795 1143 1849 obseruationibus
1167 1795 1283 1847 suis
1307 1811 1412 1860 per
1432 1795 1833 1856 Instrumenta,
1859 1798 1942 1847 vti
1968 1795 2265 1855 existimat,
2292 1795 2523 1854 idonea,

322 1869 398 1920 ad
417 1867 596 1920 huius
616 1867 1048 1928 resolutionem,
1070 1866 1455 1932 responfionis
1472 1866 1604 1918 loco
1618 1869 1681 1918 in
1694 1867 1959 1918 medium
1972 1866 2292 1931 protulerit.
2314 1866 2525 1930 Neque

323 1942 484 1991 enim
502 1941 716 2004 priora,
739 1954 874 2003 quae
895 1937 1202 1990 Rhetorice
1222 1940 1418 2003 potius
1439 1953 1621 2002 quam
1635 1938 2075 1998 Mathematice,
2095 1944 2155 1989 vt
2176 1936 2524 1989 Scholarum

321 2010 585 2063 moribus
603 2010 717 2062 sese
738 2010 1114 2074 adtemperet,
1136 2009 1447 2074 eloquitur,
1469 2009 1751 2074 replicare
1770 2009 1946 2061 lubet.

322 2152 802 2217 DISQUISITIO
821 2152 1109 2205 EORUM
1128 2151 1323 2215 QUAE
1336 2151 1918 2205 WOLFGANGUS
1936 2150 2422 2211 SCHULERUS‚
2441 2150 2526 2201 IN

423 2236 766 2289 PUBLICO
793 2235 1255 2288 ACADEMIAE
1279 2234 1925 2287 WITEBERGENSIS
1953 2233 2425 2294 CONUENTU‚

601 2318 1164 2372 RESPONSIONIS
1185 2318 1402 2371 LOCO
1423 2318 1540 2369 AD
1562 2317 2119 2381 QUAESTIONEM
2141 2317 2249 2368 DE

876 2401 1115 2455 NOUA
1135 2400 1431 2453 STELLA
1451 2400 1973 2461 PROPOSITAM,

1133 2483 1717 2536 RESPONDEBAT.

396 2580 554 2632 Cum
567 2580 643 2632 ad
658 2579 1114 2632 Obseruationes
1133 2578 1283 2643 ipsas
1303 2585 1657 2643 peruentum
1677 2577 1768 2638 est,
1789 2577 1956 2629 finito
1978 2577 2220 2629 exordio
2239 2578 2374 2629 dicit
2387 2577 2421 2629 6
2435 2578 2527 2628 die

324 2651 684 2703 Nouembris
704 2651 869 2702 Anni
895 2650 1040 2702 1572.
1067 2652 1327 2714 primum
1351 2649 1469 2701 illic
1496 2647 1860 2713 conspectam
1885 2648 2040 2700 hanc
2061 2648 2318 2708 Stellam,
2347 2663 2528 2712 quam

323 2724 786 2786 incompetenter
806 2721 1120 2774 Cometam
1138 2727 1324 2772 vocat.
1354 2720 1531 2784 Quod
1550 2723 1750 2784 vtique
1776 2719 1909 2771 satis
1936 2719 2275 2784 astipulatur
2301 2719 2526 2779 nostrae,

324 2794 396 2845 de
422 2795 613 2858 primo
641 2795 768 2844 eius
795 2798 943 2852 ortu,
974 2789 1401 2852 coniectationi‚
1430 2793 1550 2855 qua
1576 2806 1710 2842 eam
1736 2793 1888 2842 circa
1910 2790 2309 2842 Nouilunium
2335 2791 2451 2842 diei
2475 2791 2525 2841 5.

325 2864 621 2916 Nouemb.
644 2863 1017 2923 celebratum,
1037 2865 1230 2926 prima
1249 2861 1503 2914 habuisse
1525 2862 1783 2922 exordia,
1804 2861 2111 2913 verisimile
2127 2862 2283 2913 duxi.
2307 2860 2527 2912 Profert

325 2941 525 2987 autem
555 2935 702 2986 duas
734 2934 1204 2993 ObseruationeS‚
1238 2933 1485 2985 alteram
1516 2933 1602 2985 27.
1634 2932 1929 2984 Nouemb.
1961 2933 2202 2996 quando
2233 2935 2312 2983 ait
2343 2932 2527 2996 ipsam

324 3005 580 3058 habuisse
599 3008 662 3057 in
682 3005 1038 3065 MeridianO,
1059 3004 1213 3056 infra
1231 3004 1442 3055 Polum
1461 3003 1704 3056 Altitud.
1726 3004 1784 3055 P.
1802 3004 1887 3055 23.
1913 3001 1947 3069 Ι.
1966 3004 2051 3063 33,
2074 3004 2326 3055 eandem
2346 3018 2528 3067 quam

327 3077 379 3129 &
398 3077 689 3128 Peucerus
709 3079 772 3127 in
791 3076 972 3128 literis
994 3081 1117 3127 tam
1137 3075 1213 3127 ad
1233 3075 1490 3127 Illustriss.
1512 3075 1857 3139 Principem,
1886 3091 2067 3138 quam
2087 3075 2527 3139 Hieronymum

324 3147 678 3213 Wolphium
690 3146 1027 3212 perscripsit:
1043 3153 1219 3210 atque
1231 3146 1370 3198 hinc
1381 3146 1610 3211 colligit,
1627 3145 1919 3210 applicata
1929 3146 2055 3197 Poli
2066 3145 2372 3197 altitudine
2385 3145 2443 3196 P.
2453 3146 2526 3197 51.

327 3217 363 3285 Ι.
382 3220 467 3280 54,
489 3234 672 3283 quam
691 3234 728 3271 a
748 3217 1079 3270 Reinholdo
1101 3217 1153 3268 &
1174 3217 1490 3282 Crucigero
1511 3217 1655 3269 olim
1675 3217 1978 3282 diligenter
1997 3217 2398 3277 adinuentam‚
2419 3231 2526 3280 pro

325 3297 454 3342 rata
466 3291 861 3354 pronunciare
876 3304 1000 3340 non
1014 3287 1253 3349 dubitat,
1275 3287 1643 3340 altitudinem
1656 3303 1838 3352 prope
1853 3287 2066 3339 Zenith
2079 3287 2207 3339 fieri
2222 3288 2526 3352 oportuisse

327 3361 541 3426 colligit
555 3361 613 3412 P.
629 3361 714 3413 80.
734 3358 750 3426 l
758 3402 768 3412 .
786 3361 857 3412 15.
880 3361 958 3411 At
974 3375 1108 3411 cum
1123 3362 1184 3410 in
1199 3359 1384 3411 altera
1398 3359 1823 3411 Obseruatione
1839 3359 1953 3411 diei
1967 3359 2017 3410 4.
2034 3359 2311 3480 Decpeflib.
2327 3358 2527 3480 {liabita

2241 3438 2325 3480 itu
2367 3444 2526 3479 inem
