2976 4264
464 332 556 385 198
966 328 1577 383 ASTRONOMIAE
1605 326 2172 380 INSTAURATAE
2244 328 2247 329 ⁷

463 479 858 538 competenter
872 472 1167 531 assumere,
1180 477 1239 522 vt
1249 465 1806 538 vtnonnun-uquam
1818 468 1977 521 falsae
1992 468 2313 535 hypothesi,
2325 486 2467 523 vera
2479 470 2672 536 super·
2704 480 2791 524 685

462 545 708 597 struatur
732 540 1009 595 inductio.
1037 542 1125 593 Ex
1145 541 1401 594 Planetis
1426 544 1600 606 igitur
1619 540 1819 593 Terrae
1845 540 2142 594 mobilitas
2162 557 2384 602 annua,
2411 557 2536 594 non
2562 541 2671 594 suf-

462 615 722 667 ficienter
741 613 1103 679 probabitur:
1127 628 1263 664 cum
1282 612 1399 664 istae
1421 612 1796 672 diuerfitateS,
1819 628 1954 676 quae
1974 627 2079 676 per
2098 611 2254 664 hanc
2270 628 2479 664 eorum
2493 628 2671 678 appa-

462 688 628 751 rentij
635 701 661 737 s
676 685 984 749 quadrant,
997 684 1239 736 aliunde
1252 686 1539 749 originem
1550 683 1958 748 adipiscantur.
1971 684 2051 734 At
2061 683 2102 734 fi
2112 686 2176 735 in
2187 683 2344 735 Fixis
2356 683 2671 746 SideribUS,

462 758 760 821 diuagatio
781 755 999 820 aliqua,
1020 758 1175 807 intra
1195 770 1467 807 annuum
1486 754 1737 819 spatium
1756 754 2190 820 perspiceretur,
2211 758 2411 819 vtique
2425 755 2581 808 hanc
2596 755 2672 808 ob
2722 773 2744 808 5

461 828 676 888 Terrae,
692 830 755 879 in
769 843 889 891 qua
902 826 1217 887 versamur,
1233 832 1479 887 motum,
1496 828 1831 892 contingere
1845 825 2214 891 persuafibile
2228 826 2393 878 foret.
2409 826 2523 879 Sed
2538 843 2674 879 cum

462 899 591 951 talis
612 898 879 951 alteratio
899 913 1111 950 reuera
1124 900 1187 949 in
1201 898 1358 950 Fixis
1373 897 1582 959 stellis,
1602 900 1685 950 vti
1705 898 1978 958 diximuS‚
1999 913 2125 949 non
2143 897 2536 963 perspiciatur,
2556 898 2673 951 fru-

462 970 569 1022 stra
597 970 850 1022 alterum
878 969 1017 1021 hinc
1047 969 1350 1034 colligitur.
1383 969 1751 1034 Copernicus
1780 985 1856 1023 ne
1886 971 1949 1021 in
1977 968 2092 1021 hoc
2119 968 2436 1022 absurdum
2462 972 2672 1035 impin-

460 1047 631 1107 geret,
664 1040 916 1105 fixisque
950 1056 1022 1092 ex
1054 1040 1428 1092 reuolutione
1461 1056 1667 1093 annua
1695 1040 1912 1100 Terrae,
1945 1040 2376 1093 instabilitatem
2408 1040 2673 1106 aliquam

461 1118 844 1178 apparentem
875 1115 1206 1177 imputaret,
1240 1112 1403 1164 aliud
1436 1112 1755 1176 quoddam,
1788 1127 1913 1164 non
1944 1114 2144 1163 minus
2177 1111 2465 1164 absonum
2496 1119 2673 1177 atque
2728 1129 2769 1164 ιο

460 1183 798 1236 incredibile
815 1186 1010 1248 potius
1025 1184 1330 1235 admittere
1343 1183 1547 1245 voluit,
1569 1190 1795 1235 tantam
1815 1186 2100 1235 nimirum
2120 1186 2504 1248 capacitatem
2523 1187 2674 1236 inter

459 1255 797 1320 supremum
812 1255 1134 1307 Saturnum
1149 1254 1201 1306 8(
1214 1254 1553 1307 Affixarum
1567 1254 1878 1320 Sphaeram
1895 1253 2333 1320 comprehendi,
2354 1261 2414 1307 vt
2433 1270 2674 1308 annuus

462 1327 635 1380 Orbis
663 1326 863 1378 Terrae
897 1329 1023 1378 eius
1055 1324 1330 1391 respectu,
1362 1342 1486 1391 prae
1518 1329 1706 1379 nimia
1733 1326 1837 1378 illa
1865 1326 2301 1391 intercapedine
2333 1326 2673 1379 insensibilis

461 1398 735 1458 reddituS,
768 1397 1001 1462 prorsus
1035 1397 1421 1450 euanesceret.
1456 1397 1595 1462 Qua
1626 1398 1699 1450 de
1731 1414 1794 1450 re
1827 1397 1984 1459 alibi,
2018 1413 2201 1462 quam
2235 1404 2398 1450 extra
2430 1414 2673 1451 omnem

460 1469 640 1522 fidem
660 1469 738 1530 fit,
761 1476 1103 1534 quantaque
1124 1469 1374 1521 absurda
1394 1468 1550 1521 hanc
1570 1469 1917 1535 politionem
1936 1469 2269 1534 sequantur,
2291 1485 2551 1535 agemus,
2726 1486 2767 1521 15

533 1541 844 1594 Construat
869 1543 1067 1605 itaque
1089 1540 1425 1606 DiggeseuS,
1451 1540 1548 1593 vel
1574 1543 1771 1606 quiuis
1792 1540 1961 1601 alius,
1990 1540 2377 1594 Instrumenta
2396 1541 2671 1594 Astrono-

460 1615 615 1665 mica
641 1612 1079 1677 qualiacunque
1107 1612 1159 1664 8(
1186 1619 1647 1677 quantacunque
1670 1612 1920 1674 libuerit,
1949 1627 2068 1677 quo
2089 1611 2191 1664 illa
2210 1611 2556 1677 perfedtiora
2576 1628 2671 1665 ex-

461 1682 799 1749 adtioraque
825 1683 1057 1745 fuerint,
1086 1699 1158 1736 eo
1184 1686 1383 1736 minus
1410 1691 1678 1736 centrum
1702 1682 1903 1736 Terrae
1929 1686 2256 1735 motionem
2282 1683 2546 1748 aliquam
2572 1684 2671 1737 ad-

460 1758 703 1816 mittere,
726 1755 778 1807 &
797 1755 1136 1807 Parallaxes
1155 1755 1304 1807 vllas
1324 1755 1464 1807 hinc
1484 1757 1800 1820 prouenire
1825 1754 2104 1820 (exceptis
2124 1756 2196 1821 ijs
2217 1770 2366 1820 quas
2387 1755 2671 1821 Copemi-

461 1842 579 1888 cus,
606 1829 688 1879 vti
714 1824 933 1879 dic‘tum
959 1826 1050 1888 est,
1080 1827 1217 1878 inde
1244 1826 1500 1879 Planetis
1526 1827 1846 1891 adaptauit,
1875 1842 2011 1891 quae
2038 1826 2279 1879 aliunde
2307 1826 2672 1879 occasionem
2722 1843 2768 1879 20

459 1897 718 1962 sumunt)
740 1901 1095 1950 conuincere
1114 1898 1420 1951 sustinebit.

533 1969 962 2022 Concludendo
989 1969 1231 2021 demum
1256 1968 1371 2021 hoc
1397 1976 1588 2034 caput,
1617 1985 1720 2021 cur
1746 1969 1978 2022 nullam
2003 1969 2220 2022 Praxin
2246 1975 2424 2034 atque
2449 1969 2671 2035 Opera·

460 2043 650 2093 tiones
678 2039 794 2092 suis
819 2040 1203 2093 Problematis
1231 2043 1514 2102 attexerit,
1545 2041 1620 2093 ob
1650 2040 1770 2093 alia
1798 2047 2193 2093 auocamenta
2218 2047 2396 2105 atque
2423 2056 2671 2106 occupa-

460 2115 667 2173 tioneS,
698 2111 1134 2164 excusationem
1164 2112 1416 2164 adducit.
1448 2112 1633 2177 Atqui
1659 2127 1767 2177 ego
1794 2127 1918 2163 non
1943 2118 2082 2172 tam,
2113 2112 2273 2176 quod
2300 2112 2673 2165 Problemata

461 2183 582 2248 ipsa
607 2199 711 2248 per
737 2183 1010 2248 exempla
1034 2185 1098 2235 in
1123 2198 1405 2235 numeros
1430 2182 1594 2235 haud
1620 2182 1937 2244 resoluerit,
1963 2199 2165 2235 moror
2191 2183 2273 2247 (id
2301 2186 2462 2235 enim
2481 2187 2672 2236 cuiuis
2721 2201 2767 2236 25

461 2270 587 2306 rem
614 2254 958 2320 intelligenti
986 2270 1111 2306 non
1141 2254 1215 2306 est
1245 2253 1503 2318 difficile)
1535 2270 1718 2319 quam
1748 2254 1907 2319 quod
1933 2254 2204 2319 nuspiam
2231 2254 2426 2307 Stellae
2454 2255 2670 2317 Nouae,

462 2329 628 2378 cuius
653 2326 1067 2390 principaliter,
1097 2341 1216 2390 quo
1243 2325 1319 2378 ad
1344 2325 1477 2378 suas
1497 2326 1895 2390 Apparentias
1916 2325 2398 2390 explanationem
2417 2326 2671 2392 suscepe-

461 2403 564 2458 rat,
579 2396 775 2449 nullas
791 2396 1229 2449 obseruationes
1243 2404 1421 2461 atque
1436 2399 1589 2449 circa
1602 2396 1758 2449 hanc
1772 2397 2156 2449 Problematis
2170 2397 2302 2459 suiS‚
2318 2398 2673 2462 quadrantia

461 2468 793 2520 dedomena
817 2467 1074 2533 proferat
1101 2468 1153 2520 8(
1178 2471 1241 2520 in
1260 2468 1427 2520 vsum
1453 2468 1717 2529 deducat,
1745 2469 1805 2520 id
1831 2471 2078 2532 inquam
2103 2471 2300 2533 potius
2323 2471 2385 2520 in
2408 2468 2510 2521 illo
2532 2469 2670 2522 defi-

460 2539 616 2591 der0.
657 2540 870 2604 Neque
903 2542 1063 2591 enim
1094 2539 1284 2591 solum
1314 2539 1574 2592 Theoria
1606 2539 1682 2592 ad
1714 2539 1986 2592 Scientiae
2020 2540 2476 2604 completionem
2513 2540 2669 2592 satis·
2720 2558 2766 2593 30

458 2610 666 2672 facere,
697 2611 802 2662 nifi
828 2611 1030 2663 Praxis
1060 2610 1199 2663 huic
1229 2611 1487 2663 consona
1511 2613 1632 2663 vna
1661 2611 2001 2676 applicetur,
2033 2611 2322 2664 censenda
2348 2614 2525 2664 venit.
2557 2612 2671 2665 Sed

459 2682 551 2734 his
580 2681 806 2742 relictiS,
838 2682 980 2747 quid
1010 2683 1252 2734 demum
1277 2685 1341 2734 in
1366 2682 1488 2747 ipsa
1516 2682 1728 2747 Operis
1756 2682 2150 2735 Conclufione
2175 2682 2433 2747 proferat
2459 2683 2669 2749 Digge-

459 2753 604 2814 seuS‚
625 2769 785 2805 nunc
804 2753 1059 2806 breuiter
1078 2754 1475 2818 percurrendo
1497 2753 1990 2818 disquirendoque
2010 2754 2491 2819 introspiciemuS.

530 2824 839 2886 Postrem0,
861 2828 924 2876 in
944 2828 1120 2877 totius
1140 2825 1322 2877 libelli
1343 2825 1737 2877 Conclufione
1751 2824 2124 2878 Problemata
2140 2841 2247 2891 pro
2263 2826 2670 2878 Parallaxibus

461 2896 734 2947 eruendis
754 2912 790 2948 a
809 2896 865 2948 se
884 2896 1177 2961 proposita
1198 2897 1495 2961 expendit:
1518 2912 1773 2961 cumque
1793 2912 1918 2948 non
1938 2899 2143 2949 omnia
2163 2912 2334 2961 aeque
2349 2899 2518 2961 praxi
2532 2903 2671 2962 apta
2719 2914 2766 2950 35

458 2966 579 3027 fint,
610 2974 786 3031 atque
809 2967 1182 3020 Geometrice
1209 2967 1698 3029 demonstrabilia,
1728 2968 2006 3032 quaedam
2027 2983 2236 3020 eorum
2260 2968 2574 3032 (quantum
2594 2967 2670 3020 ad

459 3037 624 3089 vsum
654 3038 878 3102 attinet)
909 3039 1142 3102 prorsus
1172 3040 1359 3091 cassat:
1392 3038 1445 3090 8(
1472 3038 1767 3091 nonnulla
1796 3042 2021 3091 caeteris
2050 3038 2300 3104 praefert.
2335 3037 2506 3091 Recte
2531 3039 2669 3092 sane

459 3108 555 3159 hic
570 3109 886 3173 Diggeseus
900 3109 1087 3162 multa
1100 3109 1232 3161 satis
1247 3109 1670 3162 Mathematice
1683 3110 1835 3162 bene
1850 3109 2282 3162 ratiocinabilia
2296 3109 2511 3171 offerri,
2534 3125 2669 3174 quae

459 3186 658 3231 tamen
678 3180 718 3231 fi
738 3181 814 3232 ad
833 3180 1105 3232 sensuum
1126 3183 1549 3245 experientiam
1569 3181 1982 3246 perducantur,
2011 3197 2255 3246 operam
2279 3181 2502 3242 ludant,
2528 3180 2668 3233 sate-

459 3257 568 3302 tur.
594 3249 819 3303 Ternas
847 3252 1058 3303 deinde
1085 3251 1270 3304 adfert
1297 3253 1529 3313 caussaS,
1558 3268 1661 3304 cur
1682 3252 2083 3305 Parallaxium
2103 3252 2305 3304 Praxis
2328 3254 2666 3313 intricatior,
2717 3268 2764 3304 40

459 3324 775 3385 minusque
797 3323 1067 3387 expedita
1087 3322 1139 3374 8(
1160 3325 1326 3374 omni
1353 3323 1532 3375 dubio
1552 3339 1788 3384 vacam,
1817 3323 2110 3376 reddatur.
2138 3324 2350 3384 Prima,
2379 3339 2452 3375 ex
2477 3326 2668 3388 requi-

460 3391 697 3443 fitorum
717 3395 902 3444 nimia
922 3397 1093 3458 copia
1113 3393 1164 3444 8(
1184 3397 1482 3453 varietate,
1503 3410 1655 3454 cum,
1677 3396 1850 3446 vnico
1871 3394 2074 3459 aliquo
2095 3394 2417 3455 deficiente,
2438 3394 2670 3459 reliqua

2191 3465 2666 3518 interturbantur.
