2976 4264
682 313 1561 368 PROGYMNASMATUM
1587 316 1903 370 TERTIA
1928 319 2131 372 PARS
2445 323 2514 375 99

308 453 452 498 tione
480 452 555 497 sui
583 452 839 504 absoluta,
870 452 1182 497 mortalibus
1212 454 1640 509 conspiciendam
1670 457 1924 513 prodijsse.
1956 459 2054 502 Etsi
2082 471 2212 504 uero
2238 472 2379 504 nunc
2405 473 2513 506 non

310 513 569 568 disputem
589 513 655 556 de
674 512 830 556 huius
851 511 1021 556 Nouae
1040 513 1116 568 (ut
1134 514 1367 571 putatur)
1385 515 1730 570 Philosophiae
1753 517 1910 561 certis
1934 519 2020 562 uel
2047 519 2306 575 ambiguis
2332 521 2515 565 funda-

310 571 522 616 mentis:
545 572 587 615 &
606 582 714 615 non
733 571 988 627 ignorem,
1010 584 1077 615 ex
1095 572 1199 624 illa,
1220 574 1511 617 multarum
1530 574 1583 617 in
1603 575 1807 619 Natura
1828 577 2180 621 abstrusarum
2200 591 2397 632 rerum,
2419 581 2461 624 ἃ
2481 594 2514 624 a

307 630 612 686 uulgaribus
625 631 963 686 PhilosophiS,
984 632 1071 674 uel
1089 631 1493 688 incognitarum,
1514 635 1600 678 uel
1620 635 1794 679 minus
1814 635 1955 680 redte
1968 636 2368 691 intellectarum,
2391 651 2514 683 cau-

187 691 276 735 584
308 690 388 734 sas
400 691 442 734 ἃ
453 688 788 749 pro-ngressus
798 690 1052 745 explicari
1064 690 1225 745 posse:
1241 694 1423 735 tamen
1437 692 1568 736 mihi
1580 694 1857 738 uerisimile
1871 695 1985 747 esse,
2001 699 2059 739 ut
2070 697 2176 741 hoc
2190 698 2511 742 miraculum

213 996 256 1031 10

211 1293 255 1329 15

200 2481 247 2516 35

307 761 372 794 ea
391 749 598 793 ratione
619 749 935 793 sufficienter
955 750 1196 802 salutetur,
1218 750 1309 794 uix
1328 752 1739 806 persuadebitur.
1764 754 1902 797 Nam
1923 755 1959 798 fi
1978 755 2277 800 huiusmodi
2295 757 2350 800 in
2363 759 2510 802 Coelo

305 808 468 866 (quod
486 809 559 852 illi
579 811 829 864 quartum
849 808 1122 864 &igneum
1142 810 1488 863 Elementum,
1511 823 1619 856 non
1638 813 1894 866 dubitant,
1921 814 2021 858 suis
2041 814 2183 858 ducti
2201 817 2509 870 rationibus,

306 868 595 926 appellare)
619 868 808 912 fierent
833 868 1213 923 generationes,
1244 881 1340 913 cur
1365 882 1473 914 non
1499 871 1687 926 saepius
1714 875 1793 916 tot
1822 874 2008 928 elapsis
2035 874 2250 927 Seculis,
2280 876 2334 919 in
2362 879 2511 920 tanta

306 927 435 971 Coeli
452 927 708 980 uastitate‚
730 926 1159 971 animaduersum
1180 928 1251 972 est
1266 929 1421 972 Noua
1441 931 1653 984 prodire
1667 931 1870 976 Sidera:
1894 933 1953 975 Et
1974 945 2070 977 cur
2087 933 2178 977 illa
2197 946 2319 988 quae
2338 935 2512 980 had-'te-

305 999 404 1030 nus
420 989 794 1042 apparuerunt,
809 987 1012 1029 nullam
1025 986 1146 1031 inde
1162 1000 1194 1030 a
1209 988 1393 1031 Mundi
1407 989 1640 1042 exordio,
1658 991 2044 1046 magnitudinis,
2067 994 2294 1046 luminis,
2315 996 2510 1039 coloris

303 1047 389 1090 uel
415 1045 612 1090 ordinis
637 1045 872 1101 perpessa
898 1046 1012 1089 sunt
1032 1047 1431 1092 alterationem?
1458 1049 1517 1091 Id
1536 1049 1676 1092 enim
1697 1050 1751 1092 in
1769 1053 1918 1094 tanto
1937 1052 2193 1107 temporis
2212 1052 2507 1106 interuallo,

304 1107 346 1149 ἃ
358 1108 508 1149 tanta
522 1105 804 1148 Stellarum
824 1105 997 1160 copia,
1018 1105 1133 1149 fieri
1152 1107 1448 1161 oportebat,
1471 1108 1505 1150 si
1521 1108 1668 1152 Coelo
1682 1109 1937 1154 eiusmodi
1951 1115 2279 1166 competeret
2298 1125 2510 1168 genera-

303 1165 460 1209 tionis
480 1165 522 1208 &
541 1163 896 1219 corruptionis
916 1165 1203 1209 necessitas.

373 1224 607 1268 Taceant
630 1223 785 1279 igitur
809 1235 997 1267 omnes
1022 1224 1331 1279 Philosophi,
1359 1226 1447 1269 seu
1466 1226 1699 1278 Veteres,
1726 1228 1813 1271 seu
1840 1228 1999 1273 Noui:
2026 1232 2240 1273 taceant
2266 1231 2356 1286 ipsi
2384 1243 2510 1286 quo-

303 1295 406 1338 que
426 1283 742 1327 Diuinorum
762 1282 1134 1337 Mysteriorum
1153 1283 1465 1339 interpretes
1484 1285 1754 1342 Theologi:
1776 1290 1991 1331 taceant
2004 1289 2300 1333 Coelestium
2315 1291 2508 1346 Corpo-

302 1355 424 1386 rum
444 1343 895 1397 contemplatores
916 1341 1298 1395 Mathematici,
1326 1355 1425 1388 nec
1452 1345 1518 1388 de
1541 1347 1705 1389 modo
1725 1347 2075 1401 generationis
2095 1348 2249 1392 huius
2269 1350 2446 1394 Stellae
2466 1352 2507 1394 8ι

299 1402 434 1446 tanti
453 1401 698 1445 miraculi
715 1401 1068 1454 excusatione,
1090 1402 1141 1445 se
1162 1402 1358 1457 aliquid
1378 1404 1509 1446 certi
1528 1405 1839 1450 constituere
1858 1407 2014 1460 posse,
2037 1407 2343 1452 existiment.

374 1461 484 1505 Nec
515 1461 586 1505 est
615 1461 759 1516 quod
787 1460 975 1515 aliquis
1005 1460 1097 1504 sibi
1124 1462 1452 1516 persuadeat,
1483 1463 1623 1507 hanc
1651 1464 1870 1508 Stellam
1896 1466 2117 1510 similem
2142 1467 2241 1511 esse
2266 1468 2353 1521 illi,
2385 1481 2506 1523 quae

302 1521 470 1577 Magis
490 1519 861 1572 Orientalibus,
883 1532 1009 1564 cum
1028 1521 1275 1564 Saluator
1295 1522 1479 1565 Mundi
1498 1523 1815 1576 nasceretur,
1839 1526 2097 1580 apparuit.
2123 1526 2216 1570 Illa
2236 1527 2378 1570 enim
2397 1540 2506 1572 non

300 1580 354 1623 in
373 1580 519 1624 Coelo
544 1579 680 1623 inter
704 1580 934 1634 reliquas
954 1579 1158 1632 Stellas,
1186 1580 1274 1624 sed
1299 1580 1353 1624 in
1376 1580 1487 1624 ima
1506 1582 1657 1626 Aeris
1677 1584 1917 1638 Regione,
1943 1596 2052 1628 non
2076 1587 2263 1640 procul
2284 1599 2316 1629 a
2336 1587 2506 1642 super-

299 1639 420 1684 ficie
450 1640 643 1692 Terrae,
676 1639 858 1683 locum
891 1639 1176 1683 obtinebat.
1215 1639 1361 1683 Alias
1393 1640 1535 1684 enim
1566 1653 1665 1685 nec
1698 1646 1849 1686 motu
1882 1644 1988 1695 suo,
2021 1644 2135 1697 iter,
2168 1645 2505 1690 Saluatorem

301 1698 674 1754 quaerentibus,
695 1710 794 1742 nec
815 1698 1005 1752 quiete,
1026 1699 1250 1742 domum
1262 1699 1317 1742 in
1331 1711 1438 1754 qua
1450 1700 1786 1754 inueniretur,
1809 1703 2112 1748 ostendisset.
2136 1704 2238 1747 Sed
2252 1716 2377 1748 cum
2390 1709 2504 1750 toto

299 1759 446 1802 Coelo
476 1758 880 1810 circumuoluta,
909 1759 1114 1801 nullam
1140 1758 1397 1802 habuisset
1420 1762 1533 1802 tam
1559 1761 1730 1815 exigui
1756 1762 1912 1817 spacij
1940 1763 1993 1805 in
2020 1762 2163 1806 Orbe
2187 1767 2399 1808 terreno
2428 1777 2506 1808 re-

299 1817 555 1873 spectum:
589 1829 715 1861 cum
745 1820 860 1861 tota
887 1817 1064 1870 Terra,
1098 1818 1244 1862 Coelo
1278 1819 1489 1871 collata,
1523 1831 1632 1863 non
1659 1820 1857 1864 habeat
1888 1822 2115 1866 sensibus
2146 1822 2503 1867 incurrentem

300 1877 732 1933 magnitudinem.
757 1876 909 1920 Adde
929 1877 1073 1931 quod
1091 1876 1181 1920 illa
1200 1878 1362 1921 Stella
1382 1878 1501 1922 solis
1522 1879 1690 1934 Magis
1711 1880 1779 1923 ab
1802 1880 2014 1924 Oriente
2033 1881 2298 1936 profectis,
2325 1886 2383 1926 ut
2403 1883 2506 1927 Do-

298 1937 504 1980 minum
531 1937 833 1988 adorarent,
859 1935 1036 1991 illique
1060 1939 1318 1991 tanquam
1338 1937 1474 1993 Regi,
1503 1938 1655 1990 DEO,
1684 1940 1725 1981 &
1753 1939 1985 1992 Homini,
2015 1941 2254 1992 Munera,
2281 1942 2501 1995 Aurum,

296 1997 454 2049 Thus,
483 1996 765 2050 Myrrham
791 1995 1060 2048 offerrent,
1088 1997 1426 2040 cernebatur:
1455 1998 1559 2041 siue
1587 1999 1730 2052 quod
1756 1999 1928 2042 DEVS
1954 2000 2290 2054 peculiariter
2315 2013 2502 2045 eorum

298 2059 504 2100 mentes
529 2056 571 2099 ἃ
597 2056 783 2099 oculos
808 2055 1153 2108 illustrauerit‚
1180 2058 1239 2099 ut
1262 2056 1335 2099 illi
1355 2069 1388 2100 a
1407 2057 1692 2112 longinqua
1711 2057 1950 2114 &ignota
1972 2059 2195 2114 Regione
2214 2061 2499 2113 uenientes,

297 2128 422 2160 eum
447 2115 805 2171 agnoscerent,
833 2127 929 2170 per
954 2127 1114 2169 quem
1141 2115 1323 2159 omnia
1347 2114 1490 2159 facta
1516 2117 1646 2169 sunt,
1676 2117 1973 2160 humanam
1998 2118 2212 2162 induisse
2237 2123 2500 2172 naturam,

298 2186 458 2230 quem
471 2174 665 2230 proprij
683 2174 863 2226 Iudaei,
883 2174 1019 2218 inter
1032 2186 1167 2229 quos
1180 2175 1510 2228 nascebatur,
1525 2176 1862 2231 ignorabant:
1885 2178 1990 2221 fiue
2004 2178 2148 2232 quod
2161 2178 2216 2221 hi
2230 2179 2500 2233 Sapientes

297 2234 573 2287 Homines,
602 2246 698 2289 per
726 2233 1030 2278 occultioris
1056 2235 1098 2278 ἃ
1122 2233 1511 2290 incognitarum
1539 2247 1720 2279 rerum
1748 2237 2085 2292 indagatricis
2113 2238 2304 2292 Magiae
2332 2239 2503 2294 cogni-

294 2294 511 2346 tionem,
538 2305 603 2337 ea
628 2293 855 2337 uiderint
880 2294 922 2336 &
947 2293 1312 2346 intellexerint,
1344 2306 1465 2348 quae
1490 2295 1703 2349 reliquis
1728 2296 1883 2339 huius
1910 2296 2153 2340 Scientiae
2178 2297 2387 2352 ignaris,
2419 2309 2504 2342 oc-

296 2354 439 2397 culta
469 2355 643 2397 erant:
677 2353 819 2396 unde
850 2352 1013 2396 etiam
1044 2364 1154 2396 non
1183 2353 1449 2397 immerito
1484 2354 1766 2409 Magorum
1798 2356 2210 2410 appellationem
2241 2356 2294 2399 in
2326 2357 2500 2400 Sacris

295 2412 457 2457 literis
477 2412 639 2456 sortiti
658 2415 824 2457 erant.
846 2412 950 2456 Sed
970 2412 1139 2467 qualis
1158 2424 1224 2456 ea
1243 2412 1400 2456 fuerit
1413 2413 1587 2465 Stella,
1610 2425 1731 2467 quae
1744 2414 1844 2458 illis
1858 2415 2117 2469 apparuit,
2139 2427 2247 2459 non
2261 2416 2332 2459 est
2345 2416 2500 2459 huius

295 2472 401 2517 loci
419 2472 767 2527 scrupulosius
786 2472 1054 2527 indagare,
1082 2483 1209 2515 cum
1227 2472 1347 2527 ipsis
1367 2472 1529 2515 etiam
1547 2473 1840 2528 Theologis‚
1869 2474 1938 2516 ob
1960 2474 2152 2529 Magiae
2177 2474 2312 2518 illius
2333 2476 2502 2519 excel-

294 2531 447 2576 lentis
474 2531 844 2586 ignorantiam,
874 2531 1001 2574 nihil
1027 2531 1080 2575 in
1108 2531 1212 2574 hac
1238 2543 1296 2575 re
1323 2531 1453 2575 certi
1482 2532 1694 2575 constet.
1726 2532 1930 2576 Sufficit
1959 2533 2101 2576 enim
2130 2533 2499 2578 demonstrasse

295 2591 435 2634 hanc
457 2591 670 2634 Nouam
690 2590 1052 2634 &inusitatam
1071 2590 1306 2642 Stellam,
1334 2603 1455 2645 quae
1481 2603 1649 2645 nuper
1675 2592 1935 2646 apparuit,
1961 2593 2162 2635 nullam
2187 2593 2387 2636 habere
2413 2605 2498 2637 co-

295 2650 599 2706 gnationem
624 2661 749 2693 cum
774 2649 877 2702 illa,
905 2662 1027 2704 quae
1054 2650 1222 2705 Magis
1248 2649 1688 2704 conspiciebatur:
1719 2662 1818 2694 nec
1845 2650 1986 2705 posse
2011 2651 2123 2695 eius
2149 2653 2498 2706 generationis

294 2710 518 2753 modum
538 2709 743 2760 saluari,
767 2710 853 2753 uel
874 2721 907 2752 a
925 2709 1218 2764 Theologis‚
1244 2710 1330 2752 uel
1351 2721 1384 2751 a
1402 2709 1739 2764 Philosophis,
1767 2721 1866 2753 nec
1888 2710 1955 2753 ab
1975 2710 2094 2764 ipsis
2114 2711 2276 2754 etiam
2298 2712 2500 2755 Mathe·

296 2768 521 2812 maticis.

366 2827 639 2882 Reliquum
663 2826 817 2882 igitur
842 2826 928 2878 est,
955 2829 1013 2870 ut
1038 2826 1328 2870 statuamus
1350 2827 1463 2870 DEI
1483 2827 1644 2871 totius
1665 2827 1933 2871 Machinae
1954 2828 2243 2872 Mundanae
2263 2828 2496 2883 Opificis,

295 2887 671 2931 admirandum
690 2886 794 2930 hoc
816 2885 915 2930 esse
930 2885 1218 2938 Ostentum,
1239 2889 1435 2940 praeter
1454 2898 1673 2930 ornnem
1690 2887 1909 2930 Naturae
1930 2887 2188 2940 ordinem,
2211 2890 2243 2930 a
2264 2888 2424 2943 seipso
2444 2888 2498 2931 in

292 2946 439 2990 initio
466 2945 827 2990 constitutum:
855 2956 996 2988 nunc
1023 2945 1242 2989 demum
1269 2946 1720 3000 aduesperascenti
1741 2947 1941 2990 Mundo
1966 2947 2273 2990 exhibitum.
2305 2947 2497 2990 Diuina

294 3006 436 3049 enim
457 3004 701 3048 Maiestas
720 3004 987 3048 liberrime
1008 3004 1126 3059 agit.
1148 3015 1246 3048 nec
1267 3004 1383 3047 ullis
1404 3003 1648 3048 obstricta
1668 3005 1739 3049 est
1759 3005 1978 3049 Naturae
1997 3006 2236 3058 uinculis,
2265 3007 2351 3050 sed
2372 3018 2496 3050 cum

199 3073 246 3108 45
293 3066 421 3117 uult,
444 3064 562 3108 sistit
581 3076 780 3119 aquam
798 3063 973 3119 fluuijs
993 3064 1035 3107 81
1052 3063 1210 3107 uertit
1229 3063 1412 3107 Sidera
1430 3067 1595 3108 retro:

696 3182 832 3226 Haec
847 3181 1029 3236 potuit
1046 3180 1197 3225 Solis
1216 3191 1409 3225 curi-us
1427 3181 1675 3225 inhibere
1699 3182 1964 3236 volanteS,

700 3240 834 3285 Cum
856 3240 1056 3295 Populi
1072 3239 1235 3284 Israel
1252 3239 1383 3284 Dux
1401 3240 1554 3284 Iosue
1573 3241 1834 3285 sterneret
1848 3241 2059 3285 Hostes,

695 3300 831 3344 Haec
848 3299 1028 3355 potuit
1044 3299 1196 3344 Solis
1214 3299 1325 3343 line
1346 3299 1520 3353 Luna,
1542 3300 1866 3355 extinguere
1885 3302 2089 3353 lumen,

700 3359 834 3404 Cum
855 3359 986 3402 suus
1005 3358 1082 3402 est
1098 3357 1288 3411 sacius
1306 3369 1408 3414 pro
1426 3359 1588 3403 nobis
1609 3359 1825 3404 victima
1848 3359 2078 3404 Gnatus

438 3456 504 3492 13·
2119 3445 2493 3509 Quapropter
