2976 4264
146 1003 188 1038 10

145 1304 186 1338 15

141 1602 188 1637 20

610 318 1492 373 PROGYMNASMATUM
1518 319 1835 372 TERTIA
1860 318 2064 373 PARS
2352 318 2445 371 133

235 471 455 503 1111111616
487 472 611 504 11160
644 460 769 504 boni
801 462 1096 505 consulant:
1131 473 1256 504 cum
1289 472 1411 515 quae
1443 461 1574 504 mihi
1605 461 1646 503 81
1679 473 1844 515 quam
1874 460 2036 504 tristia
2064 460 2446 515 impedimenta

236 519 554 575 obijciantur
581 520 686 564 hoc
715 523 974 576 tempore,
1010 521 1079 564 ad
1112 520 1591 564 commentandum
1621 521 1662 563 81
1692 520 2026 564 scribendum
2056 520 2267 575 aliquid,
2302 522 2447 575 quod

236 579 542 623 auditorum
563 580 909 624 attentionem
929 583 1215 632 mereatur,
1236 591 1397 623 nemo
1417 580 1628 624 nesciat.
1651 579 1754 623 Sed
1775 580 1919 635 quod
1939 579 2069 623 mihi
2083 580 2222 624 deest
2235 580 2289 623 id
2302 591 2447 624 com-

234 638 472 694 pensabit
487 640 528 682 &
543 639 854 694 argumenti,
877 640 1022 694 quod
1036 652 1068 683 a
1081 651 1170 683 me
1188 638 1530 683 tractandum
1550 639 1835 694 suscipitur,
1857 635 2126 693 ἀξιόλογον
2146 641 2187 683 81
2208 640 2335 691 eius,
2358 640 2447 694 qui

236 698 367 741 mihi
385 699 724 754 responsurus
745 699 831 751 est,
854 698 1093 743 doctrina
1113 700 1155 743 81
1174 699 1416 742 eruditio.

307 757 441 801 Cum
468 758 623 813 igitur
648 759 864 813 quaestio
894 759 1164 803 mouenda
1190 759 1263 811 fit,
1291 759 1418 802 nihil
1445 759 1638 814 poterit
1664 771 1696 802 a
1722 770 1810 802 me
1837 759 2021 814 quaeri,
2053 759 2118 802 de
2145 770 2251 814 quo
2278 759 2447 815 magis

235 817 461 861 uniuersi
488 819 687 870 audire,
720 819 1038 874 cognoscere
1064 819 1106 862 ἃ
1132 818 1315 862 doceri
1341 819 1637 873 cupiamus,
1669 831 1834 873 quam
1860 819 1896 862 fi
1923 818 1989 862 de
2014 818 2312 874 prodigioso
2338 819 2445 871 illo,

238 878 382 932 quod
397 881 648 932 quartum
662 878 773 921 iam
787 879 1023 922 mensem
1038 891 1070 921 a
1083 878 1238 922 nobis
1253 879 1294 921 81
1307 890 1403 933 per
1415 879 1701 933 Europam,
1719 881 1777 921 ut
1790 882 1918 933 puto
1932 878 2249 930 uniuersam,
2272 878 2447 921 Stellae

237 937 407 992 specie
434 937 766 992 conspicitur,
794 937 1018 990 dicatur,
1046 939 1087 981 81
1112 941 1171 981 ut
1196 937 1532 989 confidimus,
1561 938 1852 993 explicetur
1878 938 2089 992 aliquid.
2119 937 2257 980 Nihil
2284 938 2448 981 etiam

236 997 407 1052 magis
436 1009 534 1041 nos
562 999 667 1041 hoc
696 1000 940 1052 tempore
968 997 1022 1040 in
1050 997 1236 1041 nostris
1265 997 1615 1041 conuentibus
1644 1009 1886 1052 quaerere
1915 998 1957 1041 81
1983 997 2182 1041 discere
2210 998 2380 1049 decet,
2411 998 2446 1040 11

235 1056 570 1111 profanitatis
597 1056 800 1100 crimen
826 1068 1021 1100 cauere
1042 1058 1083 1100 81
1102 1057 1206 1112 piae
1227 1055 1498 1110 doctrinae,
1526 1056 1736 1112 piaeque
1763 1057 2070 1101 eruditionis
2095 1055 2297 1100 fructus
2315 1068 2448 1112 prae-

238 1116 372 1159 stare
392 1116 508 1160 Deo
529 1116 570 1159 81
592 1116 783 1160 scholis
803 1116 988 1160 nostris
1008 1117 1351 1160 uoluerimus.

307 1176 387 1218 Ita
408 1178 589 1219 autem
611 1175 945 1219 admirabilia
966 1176 1080 1218 sunt
1099 1176 1141 1218 81
1161 1187 1304 1220 noua
1330 1176 1384 1218 in
1408 1176 1513 1219 hoc
1541 1176 1723 1220 omnia
1750 1177 2022 1230 quomodo
2051 1177 2316 1231 appellem
2341 1175 2446 1220 hoc

233 1231 395 1288 τέρας,
427 1236 595 1278 multo
624 1235 800 1278 minus
826 1235 952 1289 quid
979 1236 1038 1278 111
1061 1247 1170 1279 11011
1192 1236 1396 1290 possum
1416 1246 1514 1290 ego
1536 1236 1750 1290 quidem
1770 1236 2083 1280 constituere
2103 1231 2448 1280 ἐνυπόστατον

236 1295 324 1338 seu
344 1291 592 1346 οὐσιῶδες
611 1306 694 1346 116,
723 1307 792 1337 an
812 1290 1166 1338 ἀνυπόστατον
1186 1295 1227 1338 81
1247 1291 1583 1347 φασματῶδες
1603 1295 1691 1339 seu
1708 1291 1929 1348 ἔμφασιν
1943 1295 2211 1339 dicemus?
2230 1296 2291 1338 Et
2305 1295 2340 1338 11
2355 1295 2449 1349 hy-

235 1354 618 1409 phistamenon‚
653 1366 723 1397 an
751 1354 912 1397 Stella
940 1365 1084 1397 noua
1113 1354 1200 1406 est,
1235 1358 1327 1397 aut
1355 1366 1422 1398 ex
1449 1354 1611 1409 igneis
1643 1355 1894 1398 meteoris
1927 1355 2171 1409 aliquod?
2203 1355 2447 1409 Longum

234 1414 393 1457 fuerit
418 1425 660 1468 quaerere
686 1414 753 1457 de
779 1413 1001 1469 singulis,
1030 1414 1072 1457 81
1098 1413 1212 1469 alijs
1239 1413 1383 1457 aliud
1407 1414 1461 1456 in
1486 1417 1722 1458 mentem
1741 1414 1901 1465 uenit,
1930 1415 2074 1469 quod
2092 1415 2146 1457 in
2164 1417 2448 1469 utramque

235 1476 447 1528 partem
461 1474 526 1517 de
541 1473 747 1529 singulis
761 1473 989 1517 dicatur:
1012 1474 1054 1516 81
1073 1485 1162 1516 me
1175 1473 1349 1528 potius
1363 1474 1760 1528 Praeceptorum
1773 1485 2019 1517 meorum
2038 1474 2103 1517 de
2120 1474 2202 1517 his
2215 1474 2448 1517 rationes

237 1532 437 1585 audire,
469 1545 634 1588 quam
660 1544 810 1576 meas
836 1533 1077 1588 proferre
1103 1533 1354 1576 decuerit.
1386 1533 1591 1587 Sequar
1613 1536 1798 1576 tamen
1824 1534 1968 1587 quod
1995 1534 2036 1575 81
2061 1533 2296 1577 maxime
2326 1545 2449 1577 con·

238 1593 546 1636 sentaneum
566 1592 653 1645 est,
676 1593 717 1635 81
737 1592 974 1648 pluribus
994 1593 1267 1647 probatur,
1288 1603 1398 1636 non
1417 1592 1516 1636 esse
1536 1591 1712 1645 φάσμα
1732 1593 1820 1636 seu
1839 1589 2059 1645 ἔμφασιν
2076 1593 2164 1636 sed
2179 1588 2450 1637 ένύπόστα-

234 1664 338 1703 τον,
359 1653 401 1695 &
421 1652 637 1695 Stellam
660 1652 759 1696 esse
779 1652 869 1705 ita,
891 1653 1021 1696 ficut
1039 1649 1201 1705 ἀστὴρ
1219 1649 1447 1704 κομήτης
1467 1655 1559 1695 aut
1577 1649 1846 1705 πωγωνίας
1861 1665 1893 1695 a
1907 1652 2110 1696 Graecis
2127 1652 2448 1704 nominatur,

117 1713 205 1757 619
236 1712 290 1756 id
310 1712 381 1756 est
401 1710 670 1771 bar-nbata
697 1714 789 1755 aut
814 1715 1032 1756 comata
1052 1711 1212 1755 Stella
1239 1711 1433 1766 aliqua,
1462 1723 1589 1755 cum
1615 1713 1656 1755 81
1681 1712 1807 1766 ipsae
1832 1724 1941 1756 non
1966 1713 2063 1755 fint
2086 1724 2232 1756 uerae
2257 1712 2448 1756 Stellae.

142 1901 189 1935 25

146 2496 193 2531 35

151 3384 197 3419 50

237 1772 544 1816 Secundum
573 1771 678 1815 hoc
707 1771 862 1826 igitur
889 1771 988 1815 erit
1016 1768 1176 1825 ἀστὴρ
1204 1768 1507 1825 τερατώδης,
1537 1771 1764 1815 mirifica
1791 1772 2043 1826 quaedam
2063 1772 2105 1815 81
2123 1771 2340 1827 Prodigij
2364 1772 2451 1815 seu

239 1831 436 1876 Ostenti
461 1831 635 1874 Stella.
669 1831 808 1874 Nam
835 1843 868 1874 a
893 1843 1084 1887 genere
1110 1842 1299 1875 eorum
1330 1831 1419 1886 qui
1446 1832 1605 1886 uulgo
1633 1831 1871 1875 Cometae
1900 1831 2258 1884 nominantur,
2290 1831 2451 1875 etiam

237 1894 456 1946 propter
475 1890 709 1934 formam
730 1902 855 1934 cum
877 1903 983 1945 qua
1003 1893 1241 1946 apparet,
1263 1891 1528 1934 diuersum
1543 1890 1741 1945 aliquid
1753 1890 1941 1934 haberi
1954 1891 2134 1946 potest.
2156 1891 2289 1934 Tam
2309 1891 2450 1933 enim

238 1963 334 2006 per
353 1950 535 1994 omnia
556 1950 732 1994 similis
751 1950 829 2005 ijs,
852 1962 974 2005 quae
994 1950 1207 2006 proprie
1221 1950 1396 1994 Stellae
1417 1951 1764 2005 appellantur,
1787 1951 1828 1994 &
1847 1951 1933 1994 uel
1949 1951 2194 1994 Errantes
2215 1951 2345 2002 sunt,
2366 1951 2451 1993 uel

238 2011 554 2061 InerranteS,
584 2010 806 2053 Cometa
831 2011 1005 2053 nullus
1030 2022 1271 2065 unquam
1298 2010 1441 2054 fuisse
1467 2010 1654 2065 legitur
1678 2010 1731 2052 in
1756 2010 1874 2053 ullis
1895 2011 2127 2054 ullorum
2145 2013 2452 2065 temporum

239 2069 616 2122 monumentis,
638 2081 763 2113 cum
780 2081 952 2124 neque
967 2080 1186 2113 comam
1199 2081 1371 2124 neque
1386 2069 1614 2113 barbam
1627 2069 1840 2122 habeat,
1863 2082 2029 2124 quam
2043 2070 2183 2113 oculi
2196 2068 2452 2113 hactenus

240 2129 455 2184 quidem
469 2129 768 2184 agnoscere,
785 2132 877 2172 aut
890 2129 1180 2185 dijudicare
1194 2129 1400 2184 possint:
1417 2129 1508 2172 11111
1523 2129 1773 2184 deinceps
1786 2129 1925 2173 forte
1940 2129 2179 2173 ostendat
2192 2130 2243 2173 se
2258 2129 2450 2183 aliqua.

240 2190 474 2244 Ideoque
487 2200 660 2243 neque
673 2186 900 2241 κομήτης
917 2200 1088 2243 neque
1105 2186 1374 2242 πωγωνίας
1390 2187 1647 2232 hactenus
1662 2189 1728 2232 de
1743 2190 2026 2233 oculorum
2040 2189 2186 2232 sensu
2199 2188 2455 2244 appellari

239 2248 426 2304 potest:
450 2249 583 2292 Cum
596 2249 717 2292 haec
733 2248 839 2292 duo
853 2251 1063 2291 tantum
1077 2249 1422 2292 Cometarum
1435 2260 1645 2304 genera,
1662 2249 1729 2292 ab
1745 2248 2017 2293 Aristotele
2032 2248 2253 2292 describi
2266 2251 2454 2292 notum

241 2309 320 2352 sit:
338 2319 568 2363 quorum
580 2309 823 2360 alterum,
838 2308 980 2362 quod
994 2308 1277 2352 Comatum
1289 2309 1599 2363 appellatur,
1614 2308 1898 2351 flammam
1909 2308 2113 2352 circum
2127 2308 2272 2351 circa
2284 2308 2454 2350 fusam

239 2368 424 2420 habet;
447 2367 535 2411 sed
554 2367 857 2419 barbatum,
877 2380 1043 2410 unam
1063 2368 1117 2410 in
1135 2370 1345 2422 partem
1365 2368 1506 2411 hanc
1527 2367 1652 2411 iacit
1671 2368 1759 2411 seu
1779 2368 2028 2419 extendit,
2051 2367 2250 2410 sursum
2267 2368 2352 2410 uel
2371 2367 2456 2410 de-

241 2428 435 2478 orsum,
457 2428 543 2470 uel
563 2427 617 2470 in
637 2427 883 2470 dextram
903 2429 994 2470 aut
1015 2427 1283 2479 sinistram,
1311 2438 1696 2481 nonnunquam
1717 2427 1878 2470 etiam
1898 2427 1952 2469 in
1970 2430 2234 2481 utrunque
2254 2427 2449 2470 locum.

241 2486 462 2530 Accedit
475 2487 516 2530 81
530 2487 652 2539 hoc,
674 2487 819 2541 quod
836 2486 1123 2530 immotum
1143 2487 1355 2541 prorsus
1373 2486 1479 2530 hoc
1493 2483 1642 2540 τέρας
1656 2486 1882 2530 constitit
1894 2485 2171 2529 hactenus:
2193 2496 2365 2540 neque
2384 2486 2450 2528 ab

243 2558 307 2590 eo
327 2547 450 2590 loco
470 2546 524 2589 in
544 2557 650 2600 quo
670 2546 904 2600 primum
925 2546 1156 2601 conspici
1176 2546 1330 2601 cepit,
1357 2545 1562 2600 uspiam
1585 2546 1636 2589 se
1656 2545 2000 2589 commouisse
2020 2545 2450 2600 deprehenditur:

243 2606 388 2660 quod
408 2606 449 2648 81
468 2605 638 2660 ipsum
658 2606 724 2648 de
745 2605 976 2649 Cometis
995 2605 1111 2648 fieri
1129 2617 1238 2649 non
1264 2606 1405 2649 solet.
1434 2606 1533 2647 Etfi
1554 2605 1620 2648 de
1639 2605 1867 2648 mirifico
1887 2604 1975 2648 illo
1996 2604 2450 2659 lerosolymitano,

242 2665 347 2709 hoc
363 2664 593 2708 similiter
606 2663 807 2707 factum
821 2664 1161 2719 suspicamur,
1176 2667 1234 2707 ut
1246 2665 1506 2718 nusquam
1521 2665 1572 2707 se
1586 2667 1971 2716 commoneret,
1987 2664 2075 2720 sed
2089 2663 2137 2707 ei
2150 2665 2287 2716 loco,
2304 2663 2453 2707 cuius

244 2725 574 2767 euerfionem
598 2723 966 2778 portendebat,
994 2726 1249 2778 perpetuo
1275 2723 1591 2767 immineret.
1621 2723 1722 2766 Hic
1748 2726 1932 2767 tamen
1951 2723 2117 2778 &ipse
2139 2724 2206 2766 ab
2227 2723 2453 2766 immoto

245 2784 394 2836 statu,
415 2783 584 2838 magis
603 2794 734 2827 uero
750 2795 782 2826 a
794 2782 1052 2837 temporis
1068 2782 1405 2837 longitudine,
1428 2794 1554 2826 cum
1566 2795 1735 2826 unum
1749 2782 2009 2837 integrum
2024 2794 2225 2825 annum
2240 2783 2455 2829 duraret

242 2842 548 2886 incendium
569 2842 696 2894 eius,
723 2838 1012 2895 τερατώδης
1035 2841 1149 2893 fuit,
1177 2853 1302 2885 cum
1323 2842 1388 2885 de
1409 2843 1552 2885 nullo
1574 2843 1740 2885 altero
1760 2843 1977 2897 legatur,
2007 2841 2096 2896 qui
2119 2844 2233 2884 tam
2253 2842 2343 2885 diu
2363 2842 2453 2885 du-

243 2902 397 2946 rauit.
428 2902 532 2945 Sed
558 2901 648 2955 qui
673 2912 813 2944 nunc
840 2904 1062 2956 apparet
1086 2897 1375 2954 τερατώδης
1401 2898 1576 2954 ἀστὴρ,
1597 2913 1630 2944 a
1650 2901 1993 2945 Cometarum
2017 2912 2207 2957 genere
2229 2902 2374 2944 nulla
2397 2912 2455 2943 re

245 2961 413 3017 magis
432 2961 648 3013 recedit,
669 2972 841 3015 neque
862 2961 1149 3015 quicquam
1168 2960 1332 3003 habet
1349 2956 1800 3014 τερατωδέστερον,
1821 2973 1984 3015 quam
2002 2960 2331 3003 altitudinem
2352 2960 2456 3004 loci

244 3021 299 3064 in
324 3032 429 3075 quo
457 3021 752 3064 collocatus
778 3020 961 3063 haeret.
989 3020 1161 3074 Atque
1187 3019 1286 3063 esse
1313 3020 1608 3063 admodum
1634 3020 1840 3063 excelso
1866 3021 1987 3064 loco
2014 3021 2255 3075 posltum,
2283 3020 2457 3075 fulgor

244 3081 503 3124 tremulus
529 3078 799 3123 conuincit
826 3090 892 3122 ex
918 3079 1064 3122 sensu
1089 3079 1364 3122 communi
1388 3079 1781 3131 ratiocinantes,
1813 3091 1935 3123 cum
1965 3080 2024 3122 fit
2048 3079 2184 3123 inter
2208 3080 2455 3134 exempla

243 3139 694 3183 Aristotelicarum
705 3134 1032 3191 ἀποδέιξεων,
1047 3139 1287 3182 Planetas
1298 3150 1406 3182 non
1417 3135 1656 3189 στίλβειν,
1666 3139 1786 3182 ideo
1803 3139 1947 3193 quod
1961 3151 2124 3194 quam
2138 3139 2453 3189 Inerrantes‚

247 3199 414 3242 absint
434 3211 467 3241 a
487 3196 769 3253 conspectu
794 3198 968 3242 nostro
995 3197 1227 3252 propius.
1256 3198 1359 3241 Sed
1379 3198 1821 3242 consentientibus
1842 3198 2309 3242 obseruationibus
2336 3197 2452 3247 suis,

247 3257 650 3313 deprehendunt
675 3268 741 3300 ex
768 3257 983 3300 diuersis
1009 3257 1141 3300 locis
1166 3257 1354 3300 diuersi
1378 3256 1637 3310 Artifices,
1667 3258 1823 3301 huius
1852 3257 2010 3301 nostri
2038 3257 2295 3312 temporis
2323 3269 2455 3311 prae-

246 3318 446 3361 sentem
457 3317 674 3360 Stellam
684 3316 1053 3371 prodigiosam,
1065 3319 1144 3360 tot
1153 3318 1313 3360 terrae
1324 3316 1739 3361 semidiametris
1750 3317 1906 3372 supra
1915 3317 2133 3360 Terram
2145 3318 2452 3368 exaltatam,

246 3379 303 3420 ut
324 3377 477 3420 Luna
498 3376 743 3420 altiorem
763 3376 878 3428 esse,
908 3387 1015 3419 non
1035 3375 1184 3430 possit
1203 3375 1453 3419 dubitari:
1482 3376 1824 3430 quantumuis
1844 3389 2039 3432 magna
2059 3377 2117 3419 fit
2138 3379 2228 3419 aut
2249 3376 2457 3419 dicatur

2060 3477 2097 3514 a
2116 3460 2454 3521 PtolemaeO,
