2976 4264
665 329 1544 383 PROGYMNASMATUM
1572 331 1886 383 TERTIA
1912 332 2115 384 PARS
2390 331 2494 385 297

361 470 562 522 Postea
580 470 1008 536 Astrologicum
1027 474 1371 524 vaticinium
1392 472 1463 524 de
1485 476 1611 525 eius
1632 472 1930 526 effectibus
1953 474 2208 526 breuiter
2233 476 2494 538 pertexit,

292 541 452 605 quod
477 541 677 594 multis
703 542 975 607 prosequi
1001 558 1125 594 non
1153 543 1329 596 lubet.
1360 544 1497 596 Hoc
1522 544 1726 597 saltem
1751 545 1990 597 addam:
2022 545 2083 597 Si
2107 546 2167 597 id
2193 544 2353 610 quod
2378 544 2495 597 illic

292 613 612 665 asseuerare
638 613 883 674 videtur,
913 613 1146 679 fingulis
1166 614 1433 667 videlicet
1457 615 1547 667 bis
1572 615 1734 668 mille
1760 618 1984 668 circiter
2009 619 2182 668 annis
2208 615 2497 668 miracula

214 687 243 730 t·
293 683 645 736 eiuscemodi
659 684 884 736 caelitus
896 684 1148 750 prodire,
1170 685 1223 737 81
1243 701 1378 737 cum
1393 687 1662 739 aetatibus
1677 687 1894 739 Mundi
1909 702 1981 739 ex
1995 686 2145 740 ditito
2160 687 2306 739 Eliae
2320 686 2496 739 Thal-

221 772 243 805 5
292 754 512 806 mudici
528 758 810 820 tripartite
825 771 1169 821 congruere:
1189 759 1389 822 vtique
1405 756 1457 809 &
1471 756 1627 810 hanc
1642 758 1883 810 Stellam
1896 761 2080 810 tertiae
2095 758 2326 811 Periodi
2340 774 2496 810 com-

291 825 628 892 pletionem,
657 826 993 892 Mundique
1012 827 1247 880 visibilis
1274 828 1457 892 (quod
1478 828 1799 881 &innuere
1819 829 1966 893 vult)
1993 829 2499 882 consumationem

292 897 657 962 portendere,
684 897 993 950 verisimile
1018 898 1182 951 foret.
1210 899 1289 951 At
1308 899 1463 951 vnde
1488 900 1758 964 probabit
1778 904 1932 953 circa
1951 901 2070 953 duo
2095 904 2294 966 priora
2313 900 2497 952 mille-

293 970 463 1021 naria
476 984 776 1021 annorum
789 968 972 1021 ferme
987 969 1294 1034 completa,
1316 977 1637 1035 antequam
1651 971 1967 1023 Diluuium
1981 972 2339 1032 Vniuersale,
2360 971 2498 1023 Ter-

175 1046 262 1091 784
293 1054 377 1092 rae
396 1039 610 1092 faciem
630 1042 898 1105 operiret,
925 1043 1307 1106 viuentiaque
1331 1045 1550 1103 omnia,
1576 1046 1781 1107 paucis
1808 1038 2126 1111 excep-ntis,
2154 1043 2498 1103 absorberet,

203 1127 245 1161 10
295 1110 647 1163 eiuscemodi
666 1112 1016 1177 prodigium,
1038 1111 1213 1177 quale
1235 1119 1358 1165 erat
1380 1112 1511 1165 haec
1531 1114 1714 1166 Noua
1734 1114 1928 1174 Stella,
1950 1114 2193 1179 desuper
2214 1113 2500 1166 ostensum

293 1180 486 1234 fuisse?
516 1182 586 1234 Et
611 1183 772 1248 quod
801 1185 863 1235 in
892 1186 1054 1235 exitu
1080 1183 1473 1236 Israelitarum
1498 1185 1570 1237 de
1596 1185 1849 1250 AEgypto
1875 1188 1938 1237 in
1963 1185 2210 1237 Terram
2234 1185 2500 1238 Patribus

295 1268 504 1306 eorum
531 1255 879 1318 promissam,
912 1254 1255 1307 flammeam
1287 1255 1644 1317 columnam,
1678 1272 1815 1320 quae
1845 1272 1947 1308 eos
1976 1255 2154 1309 nodtu
2184 1259 2248 1308 in
2279 1256 2500 1308 deserto

294 1325 582 1390 praecessit,
612 1325 790 1390 idque
821 1328 974 1378 circa
1003 1325 1218 1378 alteros
1245 1326 1334 1378 bis
1362 1326 1523 1378 mille
1553 1340 1745 1379 annos
1776 1328 1958 1392 (quod
1986 1335 2187 1380 tamen
2215 1343 2339 1379 non
2365 1343 2500 1379 con-

294 1398 446 1461 gruit
472 1411 609 1448 cum
633 1403 897 1461 tempore
922 1399 1289 1462 migrationis
1316 1412 1540 1458 eorum,
1570 1397 1748 1450 fiebat
1774 1401 1934 1450 enim
1959 1398 2062 1451 illa
2086 1401 2149 1450 in
2173 1399 2371 1451 medio
2398 1401 2501 1450 cir-

205 1482 247 1517 15
296 1469 437 1519 citer
461 1467 661 1532 spati0‚
687 1470 839 1520 inter
858 1468 1176 1520 Diluuium
1200 1468 1255 1520 ·&
1280 1476 1488 1521 natum
1510 1468 1820 1530 Christum,
1850 1468 2209 1535 octingentis
2234 1473 2502 1535 proxime

296 1541 470 1591 annis
490 1538 564 1591 ab
584 1538 706 1604 ipso
726 1539 956 1591 diluuio
975 1539 1383 1604 praeterlapfis)
1404 1539 1543 1592 huic
1558 1539 1752 1593 Stenae
1774 1541 2077 1593 assimilare
2097 1543 2316 1602 nititur,
2339 1543 2503 1592 omni

297 1610 545 1662 Ratione
565 1609 618 1662 81
638 1610 895 1663 Veritate
922 1617 1094 1663 caret.
1123 1610 1424 1663 Columna
1450 1614 1626 1672 enim,
1654 1627 1790 1676 quae
1811 1611 2078 1664 Israfflitis
2098 1615 2258 1664 viam
2283 1627 2388 1677 per
2408 1612 2502 1663 de-

296 1681 510 1733 sertum
530 1684 776 1746 aperuit,
796 1684 860 1733 in
873 1682 1031 1734 Aere
1050 1681 1189 1746 ips0,
1211 1698 1335 1734 non
1353 1682 1527 1748 longe
1541 1699 1579 1735 a
1591 1682 1791 1735 Terrae
1811 1683 2113 1748 superficie
2134 1682 2502 1735 cernebatur:

297 1752 446 1805 alias
465 1755 704 1813 itineriS,
732 1753 893 1818 quod
911 1752 1027 1805 illis
1046 1754 1483 1818 peragrandum
1503 1761 1642 1814 erat,
1664 1753 1920 1814 du&um‚
1941 1754 2257 1819 variosque
2278 1753 2503 1806 anfrac-

203 1838 250 1873 20
297 1830 407 1885 tuS,
434 1830 611 1888 atque
630 1823 729 1876 vbi
753 1823 1166 1876 subsistendum
1191 1824 1356 1886 foret,
1382 1825 1642 1877 indicare
1668 1826 1967 1890 nequisset:
1996 1842 2132 1878 cum
2158 1841 2230 1877 ea
2256 1841 2390 1890 quae
2417 1825 2503 1876 su—

297 1910 479 1960 perne
506 1897 569 1947 in
595 1894 764 1948 Caelo
792 1894 1135 1961 spectantur,
1164 1902 1288 1948 tam
1316 1896 1538 1962 angusti
1567 1900 1630 1948 in
1655 1895 1840 1949 Terra
1867 1896 2028 1962 spatij
2061 1899 2352 1949 rationem
2381 1911 2505 1948 non

298 1965 573 2019 habeant.

371 2036 464 2090 Sic
484 2053 723 2103 quoque
744 2038 888 2091 dum
907 2038 1166 2099 Stellam,
1188 2055 1323 2103 quae
1339 2038 1535 2104 Magis
1552 2039 1626 2091 ab
1642 2039 1884 2091 Oriente
1904 2038 2190 2104 profetam
2212 2039 2289 2092 ad
2307 2039 2506 2090 locum

298 2109 396 2161 vbi
410 2109 751 2161 Iudaeorum
770 2113 1005 2162 nouiter
1020 2117 1195 2162 natus
1210 2110 1349 2171 Rex,
1371 2126 1550 2175 quem
1570 2110 1885 2162 adoratum
1903 2111 2235 2172 veniebant,
2257 2112 2505 2175 reperie-

205 2196 252 2230 25
299 2180 487 2242 batur,
523 2180 803 2245 quorsum
833 2180 1335 2246 proficiscendum,
1370 2181 1422 2233 &
1454 2184 1518 2233 in
1549 2197 1732 2246 quam
1763 2181 2009 2234 domum
2040 2182 2504 2247 ingrediendum,

299 2251 798 2316 praemonstrabat,
836 2252 976 2305 huic
1008 2252 1207 2305 Nouae
1240 2255 1586 2318 aequiparat,
1624 2269 1749 2305 non
1779 2256 1978 2305 minus
2010 2254 2309 2318 decipitur.
2350 2253 2508 2304 Licet

302 2325 463 2375 enim
494 2323 553 2376 id
585 2326 886 2389 contigerit
918 2326 1071 2376 circa
1103 2331 1358 2389 quatuor
1388 2324 1724 2376 millenaria
1754 2340 2052 2376 annorum
2082 2341 2119 2376 a
2148 2324 2365 2376 Mundi
2393 2326 2506 2387 pri-

301 2394 532 2446 mordio
551 2393 735 2447 ferme
756 2393 981 2448 exacta:
1004 2395 1057 2448 &
1075 2395 1175 2447 fax
1194 2395 1313 2457 illa,
1335 2411 1471 2460 quae
1489 2395 1703 2461 Magos
1722 2397 2010 2459 praecessit,
2032 2395 2229 2448 Stellae
2250 2394 2506 2459 appella-

301 2468 525 2517 tionem
544 2467 704 2531 apud
723 2465 1063 2519 Mattheum
1082 2466 1514 2532 Euangelistam
1535 2467 1814 2519 obtineat:
1835 2466 2065 2518 Tamen
2086 2482 2158 2518 ea
2175 2465 2298 2530 ipsa
2312 2464 2506 2525 Stella,

207 2551 254 2587 30
303 2552 440 2589 cum
467 2536 580 2590 hac
609 2537 817 2598 nostra,
847 2537 998 2590 nihil
1027 2553 1343 2590 commune
1372 2537 1594 2590 habuit.
1625 2538 1787 2589 Nam
1814 2537 1866 2589 &
1890 2537 1994 2589 illa
2021 2540 2084 2588 in
2113 2538 2286 2597 Aere,
2312 2536 2508 2587 Terris

302 2610 656 2673 propinquo,
688 2607 1007 2661 ferebatur:
1044 2610 1194 2661 alias
1227 2609 1473 2661 domum
1505 2615 1740 2668 certam,
1774 2611 1836 2659 in
1869 2624 1988 2672 qua
2019 2607 2214 2660 infans
2248 2606 2508 2660 Christus

303 2678 427 2740 fuit,
441 2694 567 2730 non
581 2678 922 2744 defignasset.
938 2679 1187 2744 Fuitque
1202 2678 1332 2731 haec
1345 2679 1487 2731 vilio
1501 2679 1784 2744 peculiari
1799 2679 2059 2743 quadam
2070 2678 2508 2743 dispensatione,

303 2749 437 2801 solis
451 2749 647 2815 Magis
660 2750 735 2802 ab
751 2750 992 2803 Oriente
1011 2748 1282 2815 profectis
1296 2750 1600 2802 Diuinitus
1621 2749 1896 2810 exhibita,
1918 2765 2100 2814 quam
2120 2749 2334 2801 Iudaeis
2355 2748 2451 2814 alij
2459 2764 2508 2800 s-

305 2836 420 2885 que
440 2819 783 2873 hominibus
803 2828 1015 2886 praeter
1034 2821 1145 2873 hos
1161 2821 1484 2873 sincerioris
1498 2821 1720 2886 Magiae
1734 2823 1967 2885 peritOS,
1988 2821 2222 2886 patuisse
2237 2836 2360 2872 non
2373 2819 2508 2884 legi-

210 2907 256 2941 35
304 2907 454 2943 muS.
469 2891 545 2943 Vt
563 2898 690 2943 tum
710 2893 785 2944 ob
806 2892 932 2954 haS,
952 2899 1080 2944 tum
1100 2895 1279 2944 etiam
1298 2892 1430 2957 alijs
1450 2892 1522 2944 de
1543 2892 1742 2944 caussis
1757 2891 1897 2944 alibi
1911 2890 2189 2953 adducti&
2211 2891 2390 2944 Stella
2408 2890 2511 2942 illa

306 2963 627 3028 Magorum
657 2961 898 3023 ductrix,
930 2979 1065 3015 cum
1093 2962 1206 3015 hac
1237 2963 1462 3015 caelitus
1490 2962 1683 3014 nostro
1709 2978 1846 3015 aeuo
1873 2962 2147 3023 exhibita,
2179 2963 2510 3027 comparari

306 3040 579 3098 nequeat.
605 3033 734 3086 Nec
761 3037 939 3086 etiam
963 3034 1096 3086 satis
1123 3034 1388 3099 quadrat,
1417 3034 1576 3098 quod
1596 3036 1677 3086 ait
1697 3033 1938 3086 Stellam
1957 3034 2278 3099 Magorum
2297 3035 2359 3084 in
2381 3033 2509 3085 Ori-

307 3111 441 3157 ente
462 3103 843 3169 conspectam,
863 3112 1150 3170 tanquam
1170 3108 1335 3157 iuxta
1353 3104 1552 3157 Terrae
1572 3107 1761 3157 initia:
1783 3104 1939 3157 hanc
1958 3120 2100 3157 vero
2121 3105 2280 3169 apud
2294 3103 2511 3156 Mundi

307 3175 490 3228 finem
503 3191 686 3241 prope
700 3175 912 3228 Polum
924 3173 1240 3237 Arclicum,
1261 3176 1531 3241 ideoque,
1553 3176 2058 3240 quemadmodum
2077 3176 2181 3227 illa
2199 3175 2397 3228 salutis
2415 3190 2510 3226 ex-

213 3261 260 3296 ιο
309 3247 565 3299 ordium:
592 3246 665 3299 fic
690 3246 846 3299 hanc
872 3247 1080 3300 mundi
1106 3250 1405 3299 interitum
1428 3246 1890 3312 praefignificare.
1918 3248 1997 3298 At
2018 3247 2322 3311 quodnam
2341 3246 2512 3298 faciet

308 3321 371 3370 in
390 3318 646 3370 rotundo
659 3317 859 3370 Terrae
879 3318 1052 3383 globo
1072 3321 1322 3379 initium,
1345 3317 1397 3370 &
1417 3334 1595 3383 quem
1620 3322 1798 3370 etiam
1816 3316 2034 3370 finem?
2054 3318 2220 3383 Magi
2241 3318 2514 3370 dicuntur

310 3404 382 3440 ex
415 3388 657 3442 Oriente
689 3387 946 3454 profedti,
980 3392 1266 3454 quoniam
1298 3389 1536 3441 illorum
1568 3389 1747 3454 Regio
1780 3387 2037 3453 respedtu
2069 3388 2283 3449 Iudeae,
2316 3387 2513 3440 versus

451 3470 497 3506 38
2301 3459 2512 3511 Ortum
