2976 4264
659 322 1539 378 PROGYMNASMATUM
1565 325 1880 379 TERTIA
1905 327 2110 380 PARS
2419 328 2489 381 97

167 477 256 521 582
289 466 414 526 DE
452 466 713 528 NOVA
748 468 864 528 ET
900 469 1295 531 NVLLIVS
1330 471 1513 532 AEVI
1556 471 2028 543 MEMORIA,
2064 474 2129 533 A
2166 472 2488 533 MVNDI

199 1201 242 1237 10

201 1499 243 1534 1⁵

198 1795 246 1831 20

199 2093 247 2128 25

204 2688 250 2723 35

207 3281 253 3316 45

391 557 770 621 EXORDIO‚
797 559 1013 613 PRIVS
1041 561 1515 615 CONSPECTA
1541 563 1854 625 STELLA,
1882 563 2066 628 QVAE
2091 564 2179 616 IN
2204 564 2389 616 FINE

471 642 680 694 ANNI
705 642 833 696 1572
860 643 1205 696 OMNIVM
1232 645 1483 698 PRIMO
1509 646 1913 708 APPARVIT,
1942 646 2310 699 CONTEM-

703 725 989 779 PLATIO
1017 726 1638 782 MATHEMATICA
1663 729 2076 791 AVTHORIS,

538 804 782 857 QVALIS
806 806 989 850 TUNC
1013 807 1337 852 TEMPORIS
1364 808 1682 852 DURANTE
1707 809 1950 854 ADHUC
1976 810 2245 862 STELLA,

709 877 755 920 A
781 877 1181 922 CLARISSIMO
1209 879 1251 922 81
1275 879 1867 925 PRAESTANTISSIMO
1893 880 2070 933 VIRO,

867 949 930 992 D.
959 949 1022 992 D.
1051 949 1309 993 IOANNE
1334 951 1662 995 PRATENSE
1687 951 1919 1009 (BONAE

1056 1020 1420 1079 MEMORIAE)
1446 1021 1731 1066 HAFNIAE

1128 1092 1501 1136 PUBLICATA
1525 1093 1655 1137 EST.

291 1193 424 1299 ΑἿ
429 1196 523 1241 ΝΟ
543 1197 896 1252 praecedente,
925 1197 1102 1242 Mense
1124 1198 1431 1252 Nouembri,
1459 1200 1557 1244 Die
1577 1200 1808 1244 eiusdem
1828 1200 2130 1253 undecimo,
2150 1201 2365 1256 Vesperi
2383 1201 2495 1256 post

432 1256 567 1300 Solis
594 1256 860 1309 occasum,
888 1267 1014 1300 cum
1041 1269 1163 1302 meo
1191 1270 1343 1302 more
1363 1259 1546 1302 Sidera
1567 1260 1712 1304 Coelo
1737 1260 1918 1304 sereno
1945 1262 2352 1315 contemplarer,
2381 1261 2496 1304 ΝΟ-

290 1315 436 1358 VAM
467 1316 740 1370 quandam
760 1315 801 1358 ἃ
820 1316 1135 1369 inusitatam,
1163 1329 1382 1372 praeque
1403 1319 1515 1374 alijs
1536 1319 1831 1363 admodum
1854 1319 2210 1374 conspicuam,
2237 1320 2384 1363 iuxta
2404 1320 2496 1362 Ca-

291 1375 411 1431 pitis
435 1375 708 1427 uerticem,
737 1375 1090 1418 animaduerti
1108 1376 1308 1432 fulgere
1334 1377 1667 1422 STELLAM:
1696 1390 1926 1433 cumque
1952 1379 2096 1430 mihi,
2125 1379 2214 1433 qui
2237 1379 2358 1422 inde
2385 1379 2495 1422 fere

293 1448 326 1478 a
350 1434 590 1490 pueritia,
618 1434 800 1478 omnia
820 1434 950 1478 Coeli
969 1434 1152 1478 Sidera
1177 1435 1408 1490 perfecte
1433 1437 1559 1494 (non
1585 1438 1726 1481 enim
1750 1450 1945 1493 magna
1964 1438 2086 1481 huic
2107 1438 2350 1482 Scientiae
2369 1438 2496 1481 inest

292 1493 596 1551 difficultas)
614 1494 825 1549 cognita
844 1494 1118 1547 haberem,
1140 1495 1262 1538 satis
1282 1495 1553 1540 euidenter
1572 1497 1848 1549 constaret,
1869 1498 2070 1540 nullam
2083 1497 2136 1539 in
2151 1509 2215 1541 eo
2231 1497 2360 1540 Coeli
2374 1499 2494 1541 loco

291 1566 529 1608 unquam
550 1556 708 1597 antea
728 1553 958 1606 extitisse,
986 1554 1072 1597 uel
1097 1553 1392 1607 minimam,
1419 1557 1619 1600 nedum
1643 1559 1757 1599 tam
1780 1557 2079 1611 conspicuae
2099 1557 2352 1600 claritatis
2371 1557 2497 1600 Stel-

292 1615 417 1665 lam,
450 1613 504 1656 in
530 1615 738 1656 tantam
766 1612 842 1656 rei
870 1613 1010 1656 istius
1040 1613 1451 1657 admirationem
1483 1616 1598 1658 sum
1627 1614 1901 1668 addutstus‚
1934 1618 1991 1658 ut
2020 1617 2086 1659 de
2114 1616 2236 1667 fide,
2270 1616 2495 1671 proprijs

293 1673 460 1717 oculis
475 1672 792 1724 adhibenda,
814 1672 1056 1716 dubitare
1069 1684 1178 1716 non
1190 1673 1449 1728 puduerit.
1473 1674 1604 1717 Cum
1617 1686 1748 1718 uero
1763 1676 1804 1718 81
1820 1676 1886 1718 ab
1903 1675 2031 1731 alijs,
2052 1676 2173 1719 loco
2189 1675 2494 1727 monstrato,

294 1731 523 1787 conspici
548 1731 688 1787 posse
715 1731 1211 1784 animaduertissem,
1242 1733 1461 1776 Stellam
1486 1745 1676 1777 reuera
1701 1734 1804 1778 illic
1832 1746 2105 1789 apparere,
2135 1735 2339 1777 nullum
2366 1734 2497 1777 mihi

295 1791 522 1846 amplius
543 1792 864 1835 mouebatur
883 1791 1120 1836 dubium.
1150 1792 1470 1836 Miraculum
1494 1794 1616 1836 sane
1634 1793 1769 1837 inter
1789 1794 1985 1845 omnia,
2014 1805 2135 1848 quae
2156 1806 2188 1836 a
2209 1794 2393 1837 Mundi
2412 1805 2498 1836 ex-

294 1851 462 1903 ordio,
490 1851 544 1894 in
561 1853 675 1894 tota
695 1862 876 1894 rerum
897 1851 1101 1894 Natura
1120 1851 1417 1905 extiterunt,
1447 1855 1538 1895 aut
1558 1853 1872 1905 maximum,
1901 1856 1992 1896 aut
2013 1853 2085 1895 illi
2104 1855 2248 1896 certe
2267 1852 2498 1907 aequipa-

294 1911 538 1963 randum,
558 1911 702 1964 quod
714 1910 767 1953 in
781 1910 978 1954 Solaris
992 1910 1173 1954 cursus
1185 1911 1494 1964 retentione,
1516 1912 1683 1955 Iosuae
1698 1912 1943 1967 precibus
1955 1912 2253 1967 impetrata,
2275 1914 2359 1955 uel
2374 1912 2498 1955 eius-

295 1971 419 2014 dem
439 1969 823 2022 obscuratione,
842 1973 1087 2025 tempore
1099 1969 1344 2015 Vidtimae
1358 1971 1588 2016 Coelestis
1608 1970 1748 2015 facta
1764 1971 2041 2027 contigisse,
2063 1972 2228 2015 Sacra
2246 1971 2499 2015 testantur

295 2030 543 2074 Oracula.

367 2089 627 2133 Omnibus
659 2088 802 2132 enim
832 2088 1153 2144 Philosophis
1186 2089 1403 2142 constat,
1437 2090 1479 2133 81
1509 2101 1596 2134 res
1627 2090 1736 2145 ipsa
1767 2101 1875 2134 non
1907 2090 2127 2134 obscure
2160 2090 2412 2141 declarat,
2446 2089 2499 2132 in

294 2148 554 2192 AEtherea
573 2147 803 2192 Coelestis
824 2148 1009 2191 Mundi
1028 2148 1268 2204 Regione,
1294 2150 1498 2192 nullam
1516 2149 1633 2193 fieri
1653 2150 2021 2194 alterationem
2044 2149 2393 2205 generationis
2413 2149 2498 2191 uel

296 2207 669 2263 corruptionis:
704 2208 792 2251 sed
820 2208 1027 2251 Coelum
1055 2208 1097 2251 81
1126 2220 1248 2262 quae
1275 2208 1330 2251 in
1358 2220 1422 2252 eo
1455 2209 1791 2253 continentur
1817 2209 2076 2253 AEtherea
2106 2209 2359 2263 Corpora,
2392 2219 2500 2252 non

297 2267 491 2323 augeri,
511 2278 620 2311 non
638 2267 895 2318 imminui,
916 2278 1025 2311 non
1037 2267 1249 2320 uariari,
1272 2271 1364 2311 aut
1380 2268 1631 2321 Numero,
1654 2272 1746 2312 aut
1760 2269 2133 2324 Magnitudine,
2156 2271 2247 2311 aut
2259 2268 2498 2319 Lumine,

297 2330 388 2371 aut
408 2327 595 2382 quauis
616 2326 719 2369 alia
738 2326 965 2370 ratione:
986 2338 1177 2370 uerum
1197 2327 1403 2383 semper
1421 2328 1580 2380 idem,
1602 2328 1800 2383 fibique
1812 2328 1866 2371 in
1880 2328 2127 2372 omnibus
2147 2327 2324 2379 fimile,
2346 2326 2499 2369 nullis

295 2385 585 2430 terentibus
603 2386 782 2438 Annis,
803 2397 1135 2441 permanere.

366 2445 638 2489 Testantur
655 2445 864 2500 insuper
883 2446 1123 2489 omnium
1138 2445 1435 2499 Artificum,
1458 2446 1682 2490 millenis
1703 2447 1904 2501 aliquot
1924 2445 2116 2489 abhinc
2138 2445 2323 2500 elapfis
2336 2444 2500 2487 Annis

298 2503 454 2549 fadtae
487 2505 911 2556 obseruationes,
945 2505 1132 2548 Stellas
1164 2517 1368 2557 omnes,
1402 2506 1630 2549 eundem
1665 2506 1975 2558 Numerum,
2009 2505 2193 2556 Situm,
2228 2504 2497 2556 Ordinem,

299 2565 507 2608 Motum
528 2565 569 2607 &
589 2563 968 2616 Quantitatem,
996 2564 1203 2619 semper
1220 2564 1493 2616 retinuisse,
1523 2566 1736 2619 qualem
1756 2565 1931 2609 nostra
1951 2564 2112 2608 etiam
2133 2566 2307 2614 aetate‚
2334 2563 2401 2606 ab
2421 2563 2499 2618 ijs,

300 2635 433 2679 quos
445 2623 740 2667 Coelestium
751 2635 933 2667 rerum
946 2623 1088 2678 capit
1102 2622 1397 2676 deledtatio,
1410 2624 1866 2668 animaduersione
1880 2623 2108 2678 diligenti
2122 2621 2278 2674 facita,
2292 2623 2502 2665 seruare

300 2682 704 2738 conspiciuntur.
737 2683 847 2726 Nec
873 2694 1111 2736 unquam
1138 2682 1205 2725 ab
1231 2684 1339 2726 ullo
1365 2682 1682 2727 Astronomo
1713 2686 1869 2726 antea
1898 2683 2237 2726 obseruatum
2264 2681 2500 2736 legimus,

301 2742 515 2786 Nouam
535 2742 770 2796 aliquam
789 2742 843 2784 in
862 2741 1066 2785 Coelesti
1085 2742 1286 2785 Mundo
1310 2741 1525 2785 extitisse
1545 2743 1778 2795 Stellam,
1805 2742 1896 2785 nili
1923 2755 1956 2785 a
1982 2742 2089 2785 solo
2112 2740 2437 2795 Hipparcho,
2467 2740 2502 2782 fi

297 2801 458 2845 Plinio
479 2800 781 2844 adhibenda
801 2800 872 2844 est
890 2800 1038 2844 fides.
1068 2800 1438 2855 Hipparchum
1461 2802 1604 2844 enim
1628 2801 1788 2845 aliam
1809 2814 1841 2845 a
1860 2801 2071 2855 reliquis
2092 2800 2339 2844 omnibus
2358 2799 2503 2854 prius

298 2860 509 2911 notatis,
537 2860 628 2903 sua
653 2862 813 2903 aetate
838 2860 1069 2915 genitam
1094 2859 1516 2903 animaduertisse
1535 2861 1768 2913 Stellam,
1796 2860 2002 2903 Author
2021 2859 2092 2903 est
2110 2859 2315 2910 Plinius,
2344 2858 2504 2901 Natu-

298 2920 424 2963 ralis
451 2919 693 2963 Historiae
719 2919 881 2962 Libro
908 2919 1168 2963 Secundo.
1196 2919 1353 2962 Cuius
1378 2919 1561 2972 uerba,
1590 2931 1715 2963 cum
1740 2923 1799 2963 ut
1822 2919 1875 2962 in
1902 2919 2125 2970 caeteris,
2154 2919 2227 2961 ita
2252 2919 2293 2961 81
2319 2918 2424 2960 hoc
2450 2917 2505 2959 in

299 2980 421 3023 loco
443 2979 538 3021 fint
556 2978 770 3021 illustria
790 2978 831 3021 ἃ
850 2978 1151 3033 magnifica,
1179 2989 1287 3021 non
1307 2978 1404 3021 abs
1423 2990 1480 3022 re
1501 2979 1642 3032 duxi,
1669 2980 1755 3023 hic
1777 2979 2098 3023 annotanda.
2126 2977 2277 3020 Idem
2302 2975 2505 3034 (inquit)

299 3037 670 3093 HipparchuS,
704 3047 983 3091 nunquam
1017 3036 1148 3080 satis
1178 3037 1454 3090 laudatuS,
1487 3039 1546 3081 vt
1574 3049 1681 3093 quo
1712 3048 1877 3082 nemo
1907 3037 2089 3092 magis
2120 3034 2508 3091 approbaverit

299 3096 682 3152 cognationem
704 3107 829 3139 cum
852 3095 1076 3139 homine
1098 3095 1370 3150 Siderum,
1391 3095 1728 3152 Animasque
1754 3096 1961 3141 nostras
1983 3097 2196 3151 partem
2220 3094 2326 3138 eBe
2351 3093 2502 3146 Coeli,

299 3156 515 3200 Nouam
534 3155 764 3200 Stellam
783 3155 1011 3199 &aliam
1033 3165 1156 3199 aeuo
1175 3154 1269 3198 suo
1289 3155 1528 3209 genitam
1552 3156 1945 3212 depraehendit,
1968 3154 2189 3209 eiusque
2209 3155 2375 3206 motu,
2397 3163 2504 3207 qua

301 3215 392 3259 die
411 3214 567 3268 fulsit,
589 3215 663 3258 ad
681 3213 1072 3258 dubitationem
1095 3213 1172 3257 est
1189 3212 1470 3267 adductuS,
1499 3227 1644 3259 anne
1670 3216 1776 3260 hoc
1798 3215 1999 3270 saepius
2019 3214 2190 3266 fieret,
2218 3223 2506 3256 moueren-

306 3276 495 3329 turque
517 3274 567 3318 ὅτ
586 3285 685 3327 eae,
714 3283 855 3328 quas
876 3274 1140 3327 putamus
1158 3271 1398 3316 Affixas.
1428 3273 1691 3330 Idemque
1718 3274 1883 3319 ausus
1907 3285 2022 3317 rem
2048 3273 2212 3317 etiam
2234 3271 2384 3316 ΠΕΟ
2405 3271 2506 3314 im-

298 3333 545 3389 probam,
575 3343 941 3376 annumerare
965 3331 1197 3387 posteris
1224 3331 1447 3386 StellaS,
1478 3345 1544 3378 ac
1573 3334 1769 3379 Sidera
1796 3334 1868 3378 ad
1892 3343 2138 3377 normam
2170 3341 2502 3386 expangere,

306 3392 543 3448 organis
563 3391 907 3447 excogitatiS,
924 3402 1032 3446 per
1047 3402 1171 3446 quae
1190 3390 1517 3446 lingularum
1539 3395 1661 3437 loca
1684 3394 1733 3437 ἃ
1752 3391 2161 3447 magnitudines
2180 3390 2425 3445 signaret,
2451 3390 2510 3431 vt

452 3466 494 3502 13
2317 3449 2506 3503 faciIe
