2976 4264
652 308 1534 364 PROGYMNASMATUM
1560 308 1876 362 TERTIA
1903 308 2107 362 PARS
2382 308 2487 363 263

276 452 536 506 maluisse
551 453 965 506 duodecimam
975 453 1131 506 hanc
1143 469 1249 519 pro
1261 453 1444 506 Noua
1455 455 1730 518 arripere,
1746 468 1929 518 quam
1938 453 2314 505 vndecimam
2324 452 2489 505 istam

278 525 351 577 ab
367 524 526 577 Italis
546 524 940 577 decantatam:
963 525 1123 589 quod
1137 524 1284 586 haec,
1304 525 1407 576 illa
1422 527 1616 577 maior
1629 531 1806 589 atque
1821 522 2178 589 conspec'tior
2190 523 2275 576 fit:
2295 523 2488 589 sicque

278 611 401 648 non
428 611 578 660 opus
603 596 752 648 foret
770 603 935 648 tanto
957 599 1272 648 conamine
1292 596 1743 649 illuminationis
1764 595 2096 648 occasiones
2117 598 2486 660 conquirere:

278 682 415 719 cum
434 668 510 727 id,
532 668 692 732 quod
711 683 816 732 per
831 667 887 719 se
904 667 1156 720 lucidius
1172 668 1262 728 est,
1283 670 1574 720 maiorem
1587 666 2031 719 illustrationem
2046 669 2214 719 citius
2228 670 2486 731 recipiat,

206 755 227 789 5
278 754 461 803 quam
486 738 786 791 hebetiore
814 738 866 790 &
890 742 1122 791 minore
1148 739 1279 791 luce
1305 740 1635 803 praeditum.
1663 739 1904 791 Interim
1927 754 2051 790 non
2071 738 2488 790 animaduertit

276 810 331 862 se
347 810 545 862 Nouae
560 809 756 863 Stellae
776 810 975 862 locum
989 826 1027 862 a
1039 826 1181 862 vero
1198 810 1302 862 suo
1322 810 1445 871 litu,
1468 826 1647 875 quem
1668 810 1891 862 caelitus
1912 810 2170 870 ostendit,
2190 809 2341 862 vltra
2361 812 2487 874 qui-

276 897 387 933 nos
408 881 665 942 GraduS‚
686 881 799 934 hac
819 884 1047 934 ratione
1068 883 1394 933 remouisse:
1415 883 1613 946 Atque
1632 889 1756 934 tam
1774 881 1876 942 illi,
1898 897 2080 946 quam
2101 881 2486 942 duodecimae,

276 953 335 1005 id
356 953 516 1018 quod
535 955 781 1005 minime
799 959 1130 1018 competere
1146 960 1391 1018 poterat,
1412 953 1727 1018 imputasse.
1749 953 1863 1006 Sed
1877 969 2014 1005 cum
2026 951 2157 1004 haec
2170 952 2486 1017 speculatio

277 1024 511 1076 nullum
529 1024 902 1076 verifimilem
921 1031 1273 1089 praetextum
1292 1023 1525 1086 habeat,
1553 1039 1673 1089 quo
1692 1027 1924 1076 veritati
1948 1023 2152 1076 fucum
2174 1023 2364 1085 faciat,
2391 1023 2487 1076 sed

185 1112 227 1146 10
275 1111 504 1148 meram
517 1095 719 1148 saltem
732 1095 1018 1148 inscitiam
1030 1096 1255 1161 prodat,
1277 1095 1419 1148 nolo
1434 1095 1573 1148 huic
1587 1095 1941 1156 refellendae,
1961 1094 2150 1148 bonas
2164 1094 2343 1147 horas
2357 1098 2486 1148 inu-

275 1167 449 1219 tiliter
467 1168 826 1232 impendere.
849 1163 869 1236 ΙΙ

157 1247 244 1290 750
348 1238 461 1291 Sed
487 1238 580 1291 his
606 1237 834 1300 relic'tiS,
863 1242 965 1304 qui
985 1238 1245 1299 Stellam,
1272 1239 1344 1290 de
1372 1254 1493 1303 qua
1517 1241 1762 1304 agimuS‚
1789 1254 1914 1290 non
1938 1237 2095 1290 fuisse
2121 1253 2363 1299 nouam,
2390 1237 2486 1290 sed

275 1317 535 1362 veterem
555 1311 858 1375 quandam
880 1310 1215 1375 Cassiopeae,
1237 1310 1355 1362 fiue
1376 1310 1548 1371 hane,
1569 1309 1688 1362 flue
1708 1310 1889 1370 illam,
1912 1325 2017 1374 per
2035 1310 2211 1374 medij
2235 1309 2486 1361 alicuius

275 1381 775 1447 interpofitionem
794 1382 1021 1433 lumine
1041 1380 1302 1434 auctiore
1322 1381 1627 1442 imbutam,
1648 1381 2033 1446 prodiderunt
2053 1380 2244 1445 (cuius
2259 1383 2485 1445 opinio·

184 1470 225 1504 15
275 1455 367 1505 nis
386 1452 708 1514 sanitatem,
729 1453 771 1505 fi
790 1453 942 1505 nihil
961 1453 1140 1514 aliud,
1168 1453 1282 1505 hoc
1301 1453 1504 1505 saltem
1524 1453 1829 1505 euidenter
1847 1453 2124 1517 probarit,
2152 1453 2312 1517 quod
2331 1455 2395 1503 in
2415 1467 2486 1504 eo

274 1524 406 1576 loco
433 1540 553 1589 quo
574 1525 757 1577 Noua
783 1525 1042 1586 constitit,
1071 1524 1306 1576 nullum
1331 1524 1588 1589 amplius
1613 1524 1735 1589 post
1761 1527 1887 1576 eius
1911 1523 2364 1588 disparitionem,
2391 1523 2487 1575 vel

274 1599 592 1648 minimum
611 1595 787 1648 vllius
808 1596 1003 1649 Stellae
1030 1596 1411 1661 permanserit
1429 1595 1777 1661 vestigium:)
1805 1596 1901 1647 Ad
1926 1610 2028 1647 eos
2049 1597 2151 1659 qui
2172 1595 2487 1647 Cometam

273 1667 430 1720 fuisse
450 1667 606 1720 hanc
621 1667 879 1729 Stellam,
902 1667 1317 1728 existimarunt,
1340 1667 1628 1732 Caeloque
1644 1682 1779 1719 eam
1791 1666 2140 1727 inuidenteS‚
2161 1666 2486 1719 sublunari-

272 1739 382 1791 bus
401 1738 631 1791 sedibus
651 1739 1057 1799 attribuerunt,
1078 1739 1544 1804 properabimus,

178 1940 224 1975 20
287 1892 416 1982 'D.
443 1908 979 1982 ANDREAS
1015 1907 1590 1982 NOLTHIVS
1628 1906 2447 1981 EMBECCENSIS.

364 2023 912 2077 'RAETERMISSIS
932 2027 1131 2091 itaque
1152 2040 1362 2076 eorum
1380 2023 1636 2085 fumofi8,
1655 2023 1707 2076 &
1724 2027 2032 2076 veritatem
2046 2023 2486 2076 obscurantibus

379 2095 890 2161 speculationibus,
927 2099 1030 2161 qui
1062 2096 1304 2149 Stellam
1336 2095 1618 2160 aliquam,
1650 2102 1909 2147 veterem
1940 2094 2487 2147 intermediantibus

274 2166 751 2220 exhalationibus
776 2167 951 2229 ficeiS‚
977 2170 1042 2219 in
1066 2174 1294 2220 tantam
1318 2167 1787 2233 magnitudinem
1813 2174 1990 2232 atque
2011 2166 2336 2219 claritatem
2357 2181 2484 2218 eru-

273 2239 421 2303 pisse,
455 2246 680 2304 quanta
705 2239 888 2291 Noua
918 2238 1049 2291 haec
1082 2245 1324 2291 caeteras
1354 2238 1794 2303 praeeminebat,
1827 2238 2032 2290 frustra
2064 2237 2484 2290 existimarunt:

178 2327 223 2362 25
272 2310 369 2362 Ad
390 2325 509 2371 eOS,
534 2313 636 2375 qui
656 2310 830 2363 Sidus
850 2309 964 2363 hoc
984 2326 1205 2372 recens,
1233 2310 1286 2362 ἃ
1312 2326 1557 2375 corpore
1578 2310 1631 2362 &
1650 2309 1758 2361 fitu
1777 2316 1954 2374 atque
1974 2309 2218 2370 lumine,
2244 2316 2484 2373 totaque

272 2380 376 2433 sua
394 2381 705 2434 substantia
724 2382 1099 2443 elementare,
1127 2388 1304 2446 atque
1323 2384 1387 2433 in
1406 2382 1563 2434 Aere
1583 2381 1886 2434 sublunari
1907 2381 2154 2441 extitisse,
2181 2380 2483 2444 putabant,

271 2455 466 2517 potius
478 2469 661 2518 quam
670 2453 940 2515 sciebant,
953 2453 1006 2505 81
1017 2454 1091 2505 ob
1103 2454 1162 2505 id
1174 2469 1212 2505 a
1222 2453 1610 2505 Cometarum
1621 2452 1896 2505 consueta
1908 2451 2284 2511 exhibitione,
2301 2467 2483 2515 quam

274 2527 452 2576 etiam
465 2524 620 2576 infra
633 2525 869 2576 Lunam
881 2524 1026 2585 fieri,
1046 2524 1189 2577 falso
1210 2525 1469 2584 credunt,
1491 2539 1615 2575 non
1635 2523 1894 2575 dissimile
1914 2522 2087 2582 fuisse,
2108 2522 2339 2587 publice
2359 2521 2481 2574 sen-

271 2598 516 2647 tentiam
526 2596 912 2659 protulerunt,
925 2611 1084 2647 nunc
1094 2595 1426 2647 sermonem
1437 2601 1870 2647 conuertamuS.
1884 2595 2039 2646 Inter
2051 2609 2200 2657 quos
2212 2596 2482 2645 omnium

177 2683 224 2717 30
272 2669 465 2731 primo
491 2666 662 2719 nobis
688 2669 938 2719 occurrit
963 2667 1197 2731 infignis
1223 2666 1371 2718 alias
1398 2666 1859 2718 Mathematicus
1886 2664 2264 2716 ANDREAS
2291 2664 2481 2717 NOL-

272 2737 512 2789 THIVS
532 2738 949 2798 EmbeccenHS,
978 2740 1079 2802 qui
1106 2737 1256 2789 adeo
1277 2753 1314 2788 a
1333 2752 1475 2788 vero
1502 2737 1855 2789 dissentanea
1881 2736 1952 2788 de
1979 2735 2092 2788 hac
2113 2735 2293 2788 Stella
2318 2735 2481 2787 euul-

272 2824 426 2874 gare,
454 2808 724 2873 adeoque
745 2808 1110 2860 Illustrissimo
1131 2809 1384 2872 Principi
1405 2807 1798 2873 Landgrauio,
1825 2807 2042 2860 harum
2068 2822 2267 2859 rerum
2294 2806 2479 2859 excel-

272 2879 459 2932 lenter
478 2895 679 2945 gnar0,
702 2879 913 2931 offerre
935 2879 988 2931 &
1008 2880 1294 2940 dedicare,
1316 2878 1586 2931 audebat.

344 2951 504 3003 Licet
523 2966 665 3002 vero
693 2966 848 3012 eum,
875 2950 1314 3002 Problematum
1340 2950 1791 3015 Regiomontani
1817 2950 1888 3002 de
1913 2950 2300 3002 Cometarum
2326 2965 2481 3001 com-

178 3039 223 3073 35
272 3022 726 3081 mensuratione,
756 3022 1201 3087 intelligentiam
1227 3021 1493 3085 aliquam
1518 3020 1790 3081 habuisse‚
1823 3020 2014 3083 (cuius
2040 3023 2218 3072 etiam
2243 3020 2482 3084 ipsemet

273 3096 336 3144 in
361 3092 713 3145 Praefatione
739 3092 940 3153 latina,
973 3092 1048 3145 ad
1075 3090 1294 3144 dictum
1319 3093 1666 3157 Principem,
1698 3091 1989 3155 meminit)
2018 3091 2260 3143 concedi
2291 3092 2480 3156 posset,

274 3179 463 3228 eaque
488 3180 593 3228 per
618 3164 674 3215 se
700 3163 1002 3229 ingeniosa
1028 3163 1080 3215 81
1106 3163 1420 3215 laudabilis
1445 3163 1531 3215 fit:
1560 3164 1843 3216 Attamen
1868 3163 2006 3215 hinc
2033 3179 2157 3214 non
2184 3162 2479 3223 obtinebit,

272 3242 333 3287 vt
353 3236 424 3287 de
445 3235 625 3287 Stella
650 3234 763 3287 hac
788 3234 964 3299 ipfius
989 3242 1220 3287 naturae
1248 3234 1300 3286 81
1325 3234 1457 3287 loco
1484 3234 1742 3287 consona
1766 3235 2168 3299 pronunciasse
2195 3234 2479 3294 credatur,

272 3313 333 3358 vt
357 3313 418 3358 vt
442 3306 699 3359 aliorum
727 3306 1051 3359 Obseruata
1076 3321 1114 3358 a
1138 3305 1253 3357 suis
1279 3305 1625 3367 differentia,
1655 3309 1719 3357 in
1745 3306 1993 3358 dubium
2018 3320 2231 3357 vocare
2259 3304 2311 3356 &
2336 3304 2479 3369 post-

177 3393 224 3428 40
272 3376 508 3437 habere,
530 3380 708 3429 nimis
727 3375 1006 3430 audacter
1024 3376 1354 3441 praesumat.
2401 3448 2480 3498 At
