2976 4264
434 333 503 383 30
938 328 1546 382 ASTRONOMIAE
1574 327 2137 381 INSTAURATAE

434 473 649 526 constat
674 471 802 524 haec
822 470 1110 523 Thaddaei
1136 472 1522 531 ratiocinatiO,
1549 469 1681 522 licet
1701 485 1738 521 a
1758 469 2105 533 quibusdam
2129 470 2325 535 postea
2345 474 2498 524 circa
2518 471 2632 524 Co-

433 551 618 596 metas
639 544 961 606 deprauata
980 541 1059 602 fit,
1088 548 1263 605 atque
1284 543 1347 592 in
1367 540 1614 593 abusum
1634 538 1896 592 dedudta.
1926 540 1990 592 Id
2015 540 2217 593 saltem
2239 541 2337 593 hic
2357 542 2632 604 desidem,

435 615 592 679 quod
612 615 809 665 asserat
829 612 1159 676 simpliciter
1179 611 1351 663 Sidus
1378 611 1491 663 hoc
1512 612 1778 671 Nouum,
1807 610 2165 663 confimilem
2184 612 2399 677 vbique
2421 628 2458 664 a
2476 613 2633 665 Fixis

433 686 484 737 &
513 684 656 736 Polo
686 684 970 734 retinuisse
1000 682 1343 742 distantiam,
1375 698 1499 734 non
1529 688 1729 734 autem
1759 697 1790 733 e
1819 681 2239 746 multiplicibus
2268 683 2321 735 8(
2349 686 2488 736 ratis
2515 683 2632 737 Ob-

431 754 855 807 seruationibus
882 753 1131 817 idipsum
1156 753 1376 817 probet.
1404 753 1582 805 Posset
1608 755 1768 804 enim
1794 752 1947 804 alius
1973 756 2267 805 minorem
2286 753 2441 806 hanc
2462 770 2633 819 aeque
2683 772 2705 806 5

432 829 543 878 cito
571 840 800 889 negare,
828 830 1004 888 atque
1031 824 1129 875 ille
1156 823 1476 884 affirmare;
1504 823 1609 875 nifi
1633 824 2003 876 euidentibus
2022 827 2299 890 tecmirijs
2320 828 2633 878 conuinca-

430 904 538 948 tur.
570 896 711 947 Non
739 897 897 947 enim
926 894 1043 946 illic
1070 895 1324 947 recenset
1349 894 1706 956 Thaddaeus,
1738 895 1943 959 quales
1972 894 2189 947 fuerint
2214 896 2413 948 Nouae
2440 896 2635 949 Stellae

431 974 551 1019 tam
579 969 640 1018 in
665 966 895 1018 sublimi
914 966 1037 1026 fitu,
1066 982 1248 1030 quam
1267 968 1433 1018 iuxta
1453 966 1863 1027 Horizontem,
1893 965 1945 1017 8(
1971 966 2169 1018 versus
2188 972 2434 1032 vtraque
2455 967 2634 1019 Meri-

431 1039 591 1090 diani
619 1037 819 1098 latera,
851 1052 888 1088 a
915 1039 1123 1088 vicinis
1153 1037 1310 1089 Fixis
1343 1040 1717 1098 remotiones.
1751 1037 2212 1102 praesupponens
2244 1037 2391 1090 forte
2419 1038 2635 1103 vbique

431 1109 660 1161 easdem
685 1107 858 1169 fuisse,
886 1123 1035 1172 quas
1062 1108 1270 1172 Capite
1297 1109 1334 1160 1.
1363 1111 1696 1169 annotauit;
1728 1114 1988 1160 attamen
2014 1108 2055 1160 fi
2080 1108 2139 1160 id
2166 1109 2357 1161 dicere
2383 1109 2634 1171 volebat,
2689 1126 2731 1161 lo

432 1180 483 1231 8(
503 1179 599 1231 hic
620 1179 886 1231 indicasse
908 1181 1181 1243 oportuit.

502 1250 776 1314 Cumque
797 1250 1104 1314 aequaliter
1123 1251 1338 1315 vbique
1359 1266 1396 1302 a
1416 1250 1560 1302 Polo
1588 1257 1879 1303 remotam
1904 1250 2062 1302 fuisse
2089 1252 2380 1312 asseueret,
2407 1251 2637 1304 nullam

429 1329 628 1374 tamen
656 1324 782 1372 eius
808 1324 871 1372 in
896 1321 1127 1373 sublimi
1153 1321 1275 1382 fitu,
1305 1321 1356 1373 8(
1383 1337 1566 1386 quam
1585 1324 1902 1374 minimum
1921 1322 2217 1374 Parallaxi
2237 1322 2514 1383 obnoxi0,
2534 1323 2636 1374 Al-

428 1393 737 1444 titudinem
751 1395 1077 1444 maximam
1090 1396 1357 1457 apponit;
1379 1409 1515 1457 quae
1531 1408 1667 1445 cum
1680 1396 1931 1445 minima
1945 1392 2172 1455 collata,
2193 1393 2518 1446 insenfibile
2533 1395 2636 1446 esse

429 1463 736 1528 vtrobique
756 1459 1101 1532 inter-nualli
1121 1480 1158 1516 a
1178 1464 1322 1516 Polo
1343 1464 1651 1516 discrimen
1671 1464 2008 1526 ostenderet,
2037 1465 2197 1529 quod
2219 1464 2260 1516 fi
2282 1464 2503 1526 fecisset,
2530 1468 2635 1518 vti·
2667 1473 2755 1517 516

430 1551 544 1599 que
572 1534 624 1586 8(
649 1534 882 1599 plenius
910 1534 962 1586 8(
989 1535 1321 1587 euidentius
1350 1536 1409 1587 id
1440 1536 1599 1600 quod
1627 1536 1878 1600 probare
1907 1535 2262 1597 intendebat,
2293 1537 2634 1588 conuicisset.

429 1606 542 1658 Sed
562 1608 643 1657 vti
665 1606 924 1658 existimo
946 1606 1360 1659 commoditate
1381 1607 1725 1659 Mediorum
1753 1606 1805 1658 8(
1830 1607 1945 1659 loci
1971 1607 2284 1669 destitutuS,
2310 1610 2637 1660 maximam

430 1680 556 1729 eius
587 1677 977 1729 Altitudinem
1009 1677 1319 1730 obseruare
1357 1678 1672 1730 intermifit.
1712 1678 2001 1730 Prouocat
2039 1684 2240 1730 tamen
2272 1679 2347 1731 ad
2380 1678 2637 1731 aliorum

428 1748 746 1813 praesertim
775 1748 1034 1814 Cornelij
1068 1749 1342 1801 Gemmae
1369 1756 1545 1814 atque
1573 1750 1931 1815 Hieronymi
1958 1749 2215 1816 Munofij
2245 1750 2497 1815 Hispani
2519 1750 2635 1803 Ob-

427 1820 802 1880 seruationeS‚
831 1836 966 1884 quae
986 1823 1212 1872 vtinam
1232 1820 1383 1873 adeo
1403 1821 1659 1885 praecisae
1681 1820 1733 1872 8(
1752 1827 1895 1873 ratae
1922 1820 2159 1882 fuissent,
2187 1827 2363 1886 atque
2389 1821 2449 1873 id
2475 1822 2635 1886 quod
2685 1837 2731 1872 20

430 1907 502 1942 ex
522 1893 592 1956 ijs
612 1891 890 1943 inducere
904 1891 1045 1952 vult,
1066 1907 1170 1956 per
1189 1892 1244 1943 se
1259 1892 1494 1943 nullum
1506 1898 1763 1944 meretur
1777 1892 2046 1952 dubium;
2068 1893 2143 1944 Vt
2155 1899 2356 1944 tamen
2371 1892 2636 1957 aliquam

429 1962 605 2014 addat
626 1962 1201 2014 Demonstrationem
1220 1962 1577 2025 ThaddaeuS,
1606 1979 1726 2028 qua
1751 1963 1956 2028 probet
1977 1963 2218 2016 Stellam
2240 1962 2396 2015 hanc
2417 1963 2636 2028 aequali

429 2033 694 2085 distantia
714 2049 751 2085 a
769 2033 913 2085 Polo
934 2034 1286 2095 reuolutam,
1308 2034 1656 2099 nullamque
1677 2035 1950 2087 admifisse
1971 2034 2324 2096 Parallaxin,
2351 2036 2636 2099 praemissa

428 2104 560 2156 vsus
582 2104 656 2156 est
675 2103 1029 2157 inductionis
1050 2104 1356 2167 Method0,
1379 2121 1515 2170 quae
1535 2105 1667 2157 licet
1686 2121 1790 2170 per
1809 2106 1865 2158 se
1885 2106 2130 2158 indubia
2148 2105 2227 2167 fit,
2250 2113 2540 2171 quantum
2559 2106 2635 2158 ad

428 2175 612 2240 ipsam
633 2175 1072 2228 Geometricam
1092 2176 1395 2241 Apodixin
1421 2179 1640 2237 attinet,
1668 2183 1726 2229 at
1753 2177 1895 2229 dum
1914 2179 1977 2228 in
1996 2179 2188 2241 prima
2208 2177 2634 2230 Obseruatione
2684 2193 2730 2228 25

430 2246 671 2299 Stellam
691 2249 754 2298 in
774 2247 818 2298 F
836 2246 1017 2308 fitam,
1040 2248 1337 2300 eleuatam
1357 2250 1438 2300 ait
1458 2248 1516 2300 P.
1538 2248 1623 2300 20.
1648 2246 1682 2314 Ι.
1705 2249 1780 2309 15,
1802 2248 2043 2313 quando
2064 2254 2264 2300 autem
2284 2248 2359 2300 ad
2382 2248 2435 2301 O
2457 2246 2635 2301 duetu

428 2320 603 2383 primi
631 2318 864 2370 mobilis
893 2319 1291 2382 perueniebat,
1321 2319 1391 2370 22
1421 2318 1620 2372 exadte
1650 2319 1924 2384 gradibus
1956 2319 2188 2381 attollit;
2222 2322 2303 2372 ita
2331 2325 2392 2371 vt
2422 2319 2633 2372 solum-

428 2388 608 2440 modo
623 2405 742 2440 vno
762 2390 947 2454 gradu
967 2405 1103 2441 cum
1122 2390 1304 2442 tribus
1326 2393 1564 2455 quartiS,
1586 2394 1904 2442 accreuerit
1917 2393 2142 2443 interea
2154 2390 2330 2455 ipfius
2343 2390 2633 2452 Altitudo;

428 2460 565 2512 sane
587 2475 659 2511 ex
679 2466 800 2512 tam
820 2461 1078 2525 paucula
1097 2460 1461 2513 Eleuationis
1481 2464 1826 2522 variatione,
1854 2461 2191 2514 Parallaxin
2212 2461 2632 2527 persentiscere,

428 2531 524 2583 vel
542 2534 806 2584 maximo
829 2532 1069 2597 Organo
1092 2532 1312 2584 etiamfi
1331 2533 1782 2585 Phaenomenon
1801 2533 1983 2598 paulo
2003 2532 2157 2586 infra
2178 2533 2412 2585 Lunam
2437 2533 2632 2594 fuisset,
2683 2549 2731 2585 3ο

429 2605 529 2654 vix
550 2602 901 2655 conceditur.

500 2674 800 2725 Ponamus
827 2677 987 2726 enim
1012 2674 1168 2726 fuisse
1195 2674 1350 2727 hanc
1370 2675 1613 2728 Stellam
1635 2678 1698 2726 in
1719 2678 1918 2728 citima
1939 2678 2305 2728 concauitate
2327 2675 2501 2728 Orbis
2521 2676 2633 2727 Lu-

429 2747 604 2806 nariS‚
632 2746 1008 2797 necessarium
1034 2746 1231 2798 euadit
1259 2762 1393 2798 eam
1417 2749 1481 2798 in
1500 2746 1827 2799 Altitudine
1854 2747 1924 2799 20
1943 2754 2087 2812 part.
2117 2747 2173 2799 15
2193 2749 2335 2798 min.
2361 2746 2634 2799 admifisse

429 2815 782 2877 Parallaxin‚
806 2816 864 2868 P.
888 2818 924 2868 1.
949 2814 983 2881 Ι.
1006 2818 1043 2868 1.
1068 2814 1126 2882 ll.
1147 2817 1232 2869 40.
1262 2818 1330 2869 In
1351 2818 1536 2870 altera
1554 2833 1697 2869 vero
1718 2833 1855 2870 cum
1874 2818 1943 2869 22
1963 2818 2237 2883 gradibus
2258 2817 2633 2878 attolleretur,

429 2886 683 2939 habuisse
705 2887 957 2939 eandem
976 2888 1034 2939 P.
1051 2889 1087 2939 l.
1109 2886 1144 2953 Ι.
1160 2889 1209 2940 Ο.
1228 2886 1286 2954 ll.
1303 2889 1388 2950 52,
1409 2889 1591 2941 veluti
1611 2888 1741 2941 haec
1761 2889 1855 2941 vel
1876 2905 1948 2941 ex
1967 2889 2089 2954 ipsa
2109 2888 2509 2941 Parallaxium
2521 2888 2633 2941 Ta·
2683 2905 2729 2940 35

428 2957 598 3018 bella,
621 2974 802 3022 quam
821 2957 1161 3011 Thaddaeus
1180 2960 1375 3024 postea
1393 2959 1699 3025 subiungit,
1721 2960 1822 3012 sub
1843 2963 2171 3012 remotione
2191 2975 2230 3012 a
2246 2959 2431 3012 Terra
2450 2960 2519 3012 52
2537 2959 2634 3012 Se-

428 3029 936 3081 midiametrorum
952 3027 987 3095 l.
1004 3031 1078 3091 17,
1100 3030 1293 3094 qualis
1308 3030 1383 3082 est
1397 3031 1584 3083 Lunae
1603 3034 1832 3093 citimae,
1855 3031 2048 3097 colligi
2067 3031 2261 3096 potest.
2284 3030 2635 3084 Differentia

429 3103 627 3164 itaque
649 3100 960 3152 ambarum
975 3101 1375 3153 Parallaxium
1395 3118 1517 3153 non
1537 3102 1685 3154 foret
1705 3105 1879 3154 vnius
1899 3105 2127 3164 minuti,
2149 3102 2244 3154 sed
2263 3102 2634 3154 solummodo

429 3171 498 3223 48
518 3171 942 3232 Secundorum,
965 3172 1124 3236 quod
1144 3172 1280 3224 sane
1301 3176 1687 3238 perexiguum
1707 3174 2029 3234 discrimen,
2059 3173 2130 3225 de
2150 3173 2527 3226 Parallaxeos
2547 3175 2632 3225 in-

428 3241 791 3294 sensibilitate
817 3259 942 3294 non
967 3242 1316 3295 sufficienter
1343 3244 1654 3296 decernere
1681 3247 1884 3309 potuit.
1913 3245 2253 3296 Maximum
2280 3247 2439 3296 enim
2462 3259 2632 3309 opor·
2683 3261 2729 3295 40

428 3314 607 3364 tuisset
629 3312 785 3364 fuisse
807 3314 1274 3376 Instrumentum,
1303 3315 1745 3379 admodumque
1773 3314 2040 3368 exactam
2062 3315 2566 3376 obseruationem,
2591 3314 2634 3366 fi

428 3399 535 3448 pro
549 3390 671 3435 tam
684 3385 980 3437 minutula
993 3384 1337 3447 differentia,
1354 3386 1513 3450 quod
1528 3386 1818 3438 deuncem
1830 3386 2083 3451 scrupuli
2098 3401 2222 3438 non
2233 3386 2472 3447 excedit,
2487 3385 2634 3508 fidgs

2204 3459 2555 3522 interponen
2597 3472 2634 3509 a
